4109 6325
262 432 318 489 2Ιῦ
702 431 898 491 innocencii
917 432 950 489 lll
971 432 1022 489 PP.
1044 432 1280 523 notescenda
1299 432 1365 490 tls.
1381 429 1450 489 xltl.
1840 427 1895 484 tto

264 562 358 605 earum
379 547 533 619 orlglnalia,
551 562 611 618 quae
630 548 700 617 apud
719 548 895 618 inquisitores
917 548 1055 604 credimus
1070 553 1092 607 Α
1107 548 1135 602 lit
1147 547 1304 602 memoratis
1329 545 1502 601 liberaliter:
1519 544 1565 613 qui
1582 541 1689 599 tandem
1705 540 1844 597 lmmiliter
1855 559 1901 611 pn-

265 638 439 702 rcmansisse,
451 639 474 695 si
493 638 584 694 forsan
612 639 721 695 interim
749 640 827 697 vobis
846 640 947 697 luerint
971 640 1055 695 desti·
1106 638 1244 693 stolarunt
1256 656 1270 691 a
1283 637 1359 692 nobis
1371 648 1397 691 ιιι
1417 636 1620 692 concessionem
1635 633 1788 701 brrjrrsmodi
1801 635 1898 703 digua·

265 740 345 791 iratae,
363 728 558 786 laciatisrolrls
573 732 676 801 absque
692 731 820 788 dilatione
831 732 953 801 qualibet
975 730 1054 786 erlui—
1106 746 1199 786 remor
1210 729 1372 786 anctoritate
1383 728 1530 799 apostolica
1553 726 1691 782 roborare.
1705 725 1839 795 Quocirca
1857 728 1899 781 dl-

263 822 332 884 lrcri,
356 828 381 873 et
401 818 533 876 iacientes
550 823 659 881 iuterim
677 824 803 879 eumdem
823 823 1055 893 archiepiscopum
1107 822 1235 878 senecioni
1250 834 1349 878 restrae
1369 836 1418 890 per
1443 819 1589 889 apostolica
1611 820 1713 888 scripta
1738 819 1900 874 mandamus

263 910 498 968 salentinistratlone
524 916 718 985 pondereque
741 914 792 970 sibi
818 914 963 969 commissa
990 912 1055 979 luit,
1107 922 1241 983 quatenos
1258 912 1463 968 concessionem
1490 910 1592 981 ipsam,
1614 912 1687 967 sieut
1704 910 1815 979 provide
1828 910 1901 966 tacta

265 1010 337 1064 sicut
351 1009 476 1079 superius
500 1014 541 1062 est
560 1018 730 1077 expressum,
749 1002 968 1059 attestationibus
991 1002 1057 1073 ipsis
1107 1012 1161 1066 est,
1182 1001 1289 1057 laciniis
1309 1000 1424 1057 tirmiter
1444 1001 1599 1065 observari,
1621 999 1838 1061 contradictores
1850 1012 1901 1069 per

264 1097 407 1169 diligenter
435 1098 641 1168 inspectis,nisi
660 1094 768 1166 aliquod
787 1092 1058 1165 ‘gratesnlllciemer
1107 1108 1251 1148 censuram
1284 1092 1498 1149 ecelesiasticam
1540 1088 1724 1162 appellatione.
1748 1089 1900 1159 postposita
1988 1092 1992 1095 ’

266 1189 496 1246 invencritiscsse
518 1190 659 1259 probatum
673 1188 744 1257 quod
767 1186 979 1256 postulationem
1001 1200 1057 1240 mc·
1108 1184 1313 1253 corrupeseendo.
1331 1185 1408 1251 Quod
1430 1184 1454 1240 si
1477 1198 1531 1239 non
1556 1196 1665 1250 omnes,
1689 1191 1757 1247 ete,
1780 1182 1834 1237 duo
1851 1198 1899 1240 re·

265 1282 319 1338 rito
337 1282 469 1352 impedire
488 1281 621 1346 debuerit,
634 1280 693 1335 rice
706 1287 810 1341 nostra,
827 1275 1059 1346 sublatocujusli·
1107 1285 1207 1342 strom,
1220 1284 1274 1329 etc.

266 1374 313 1430 bet
331 1373 556 1429 contradictionis
577 1380 606 1428 et
627 1369 816 1443 appellationis
832 1366 989 1430 obstaculo,
1010 1368 1059 1419 aul·

267 1468 383 1524 mittatis
393 1467 528 1530 eamdem.
542 1475 568 1523 et
579 1465 754 1523 absolventes
769 1480 831 1521 eum
855 1480 870 1518 a
887 1463 993 1519 siricolo
1004 1479 1058 1532 qum

266 1560 413 1617 ⁸r'erisiensi
434 1558 561 1615 Ecclesiae
582 1560 735 1623 tenebatur,
753 1557 898 1627 praeligatis
913 1556 938 1611 ci
961 1557 1059 1610 termi-

268 1668 331 1709 num
346 1661 543 1722 competentem
559 1650 627 1707 inlra
644 1664 724 1719 quem
738 1648 852 1718 palleum
865 1646 936 1716 equod
950 1647 1000 1701 sub
1012 1661 1059 1699 no·

267 1744 341 1800 mine
356 1744 442 1815 ipsius
466 1744 594 1799 Ecclesiae
615 1742 776 1799 verisiensis
795 1744 899 1813 accepit
922 1742 999 1798 nobis
1017 1758 1060 1796 re-

184 1902 186 1909 ,
269 1834 379 1889 mittere
397 1848 450 1887 non
464 1843 616 1903 postponat,
636 1834 718 1901 aliud,
746 1836 826 1890 ‹lante
839 1834 965 1899 llomino,
977 1842 1057 1903 prout

1148 1366 1244 1421 liatum
1255 1366 1394 1433 Laterani,
1405 1365 1511 1423 tttldns
1521 1362 1804 1436 llartii,ponliticatus
1814 1366 1901 1421 nostri

1109 1472 1181 1515 ιιιιιο
1195 1458 1405 1515 tertiodecimo:

1481 1550 1538 1606 XV.

1328 1656 1447 1697 rnrsauo
1471 1656 1685 1697 ancnmnrscoro.

1269 1733 1413 1788 Eondotur
1425 1734 1449 1787 ei
1459 1749 1491 1788 rte
1507 1742 1578 1787 tract
1593 1733 1733 1788 conatusne

1424 1824 1587 1897 (Laterani.)

265 1923 401 1991 convenit,
417 1924 562 1981 adnomen
579 1924 827 1981 lltessalonicensis
839 1925 968 1981 Ecclesiae
984 1938 1057 1979 recc-
1074 1892 1096 1949 B
1144 1916 1238 1972 [ideali
1254 1915 1301 1971 filii
1321 1915 1447 1971 Thebani
1458 1915 1582 1970 canonici
1604 1914 1682 1970 uoltis
1695 1914 1817 1986 graviter
1835 1922 1901 1969 sont

264 2026 379 2087 pturus;
401 2018 531 2073 l'acicntes
556 2018 643 2073 eidem
661 2034 676 2070 a
696 2016 811 2074 subditis
835 2014 1058 2089 obedientiqpnet
1107 2009 1251 2079 conquesti
1267 2009 1339 2079 quod
1354 2017 1383 2062 tu
1408 2022 1460 2080 pro
1483 2008 1604 2080 qualibet
1628 2007 1682 2062 leri
1703 2020 1807 2072 cansa,
1829 2006 1901 2076 juris

265 2106 445 2163 reverentiam
458 2106 725 2163 debitameslrlberi.
739 2106 767 2161 Sl
784 2116 875 2161 autem
888 2105 1056 2175 casualiquo
1107 2100 1203 2156 ordine
1237 2099 1440 2170 praetermisso,
1481 2100 1643 2157 sententiam
1676 2098 1900 2154 exeommunica-

265 2199 453 2253 attestatlones
469 2198 610 2267 praedictas
623 2197 666 2252 rel
681 2211 774 2252 earum
794 2198 894 2253 babere
913 2196 1056 2267 originalia
1108 2191 1188 2247 titanis
1212 2192 1239 2246 in
1258 2192 1332 2262 ipsos
1348 2193 1447 2262 sapius
1463 2192 1577 2261 iaculari
1601 2191 1756 2262 praesumis,
1784 2205 1902 2260 eumque

267 2289 456 2361 nequiveritis,
487 2290 662 2351 tribllominos
698 2290 732 2344 ad
761 2288 844 2343 linem
875 2288 975 2358 negotii
1007 2302 1057 2357 per

267 2385 474 2455 inquisitionem
487 2386 607 2442 debitam
623 2387 770 2456 procedere
786 2402 839 2442 nou
852 2386 974 2441 tardetis.

302 2476 380 2543 erod
395 2476 417 2531 si
434 2476 523 2531 lorsan
539 2491 622 2547 grave
638 2475 739 2546 aliquid
754 2475 913 2530 irrueneritls
924 2490 1057 2546 cssepro·

264 2565 483 2635 batumpropter
497 2566 578 2634 ¹qnod
600 2566 693 2620 eadem
723 2563 873 2634 postulatio
897 2565 933 2619 sit
956 2552 1055 2620 meiito

264 2654 426 2721 respuenda,
441 2661 545 2708 cassata
560 2653 629 2722 ipsa,
645 2652 705 2711 illos
721 2655 756 2708 ad
774 2668 844 2723 quos
864 2654 983 2723 pertinet
997 2654 1054 2709 ele·

265 2744 320 2799 clio
330 2742 580 2801 Thessalonicensis
591 2744 718 2801 Ecclesiae
730 2745 864 2819 mopeatls
873 2753 902 2798 ut
913 2758 1055 2815 personam

266 2832 402 2897 idoneam,
424 2834 447 2890 si
466 2835 574 2903 quidem
594 2834 620 2889 in
638 2834 761 2905 partibus
780 2834 832 2891 illis
845 2842 950 2903 reperta
963 2835 1054 2901 luserit,

266 2923 370 2995 absque
384 2940 458 2980 mora
473 2940 521 2995 per
538 2924 698 2982 electionem
715 2942 762 2987 seo
780 2929 991 2999 postulationem
1005 2943 1053 2983 ca-

265 3014 392 3071 nonicam
410 3016 580 3072 concorditer
595 3016 646 3072 sibi
663 3019 811 3089 praeficiant
826 3020 851 3073 in
864 3030 1011 3089 pastorem.
1025 3020 1054 3075 Si

267 3120 332 3165 rero
343 3117 454 3180 propter
465 3124 640 3180 personarum
654 3110 800 3178 delectum,
826 3124 880 3181 quo
893 3126 947 3168 uon
964 3112 1053 3168 solum

266 3199 354 3272 ipsam
368 3199 528 3277 Ecclesiam,
542 3205 589 3257 sed
603 3211 631 3257 et
642 3211 725 3258 totam
735 3203 900 3272 provinciam
916 3203 1053 3260 credimus

272 3288 408 3358 laborare,
422 3307 566 3360 personam
580 3294 703 3348 idoneam
715 3308 768 3349 non
791 3295 926 3364 potuerint
948 3293 1054 3362 adeius

264 3379 384 3449 regimen
403 3379 534 3448 invenire,
548 3394 597 3437 tos
610 3382 637 3437 in
664 3382 741 3437 nobis
754 3397 803 3451 per
822 3393 926 3438 vestras
946 3383 1053 3439 litteras

265 3472 407 3528 intimetis.
430 3471 494 3541 Qui,
517 3473 541 3528 si
559 3473 683 3528 canonici
706 3475 847 3529 uremnrati
872 3489 932 3530 cum
960 3475 1053 3531 latore

265 3563 364 3620 nobilis
380 3565 531 3634 saepedictae
545 3580 593 3635 per
610 3565 717 3623 litteras
738 3581 806 3636 quas
826 3582 841 3619 a
862 3568 937 3623 robis
952 3570 985 3624 ad
1000 3570 1052 3626 boc

263 3654 406 3724 diligenter
418 3656 584 3710 commonita
599 3656 677 3711 nobis
693 3656 800 3712 durerit
817 3659 993 3716 destinandas
1003 3673 1053 3714 es·

262 3759 358 3812 presso
383 3747 567 3816 poposcerint,
586 3745 638 3811 eis,
661 3755 773 3800 auctore
794 3745 919 3816 Domino,
942 3751 1052 3822 dignum

264 3835 421 3904 pontillcern
433 3837 466 3890 de
483 3836 584 3890 nostris
603 3837 727 3891 manibus
748 3851 935 3896 consecratum
961 3852 988 3898 ct
1009 3845 1054 3900 de·

263 3936 387 3980 coretum
402 3925 500 3994 palleo,
518 3927 614 3998 insigni
631 3929 756 3984 videlicet
769 3930 947 4001 plenitudinis
961 3937 1052 4003 potati·

262 4013 350 4068 llcalis
371 4011 460 4079 olllcii,
481 4014 637 4071 curabiruos
656 4019 802 4085 destinare,
817 4023 861 4090 qui
884 4030 911 4075 et
934 4024 1002 4080 sciet
1026 4037 1053 4083 ct

262 4103 362 4172 poterit
375 4116 436 4157 cum
454 4103 596 4173 sapientiae
612 4107 710 4163 divinae
731 4111 849 4180 potentia
874 4114 1049 4172 commissam

263 4192 314 4248 sibl
331 4191 480 4248 Ecclesiam
496 4195 674 4264 spiritualiter
697 4210 727 4253 et
745 4203 930 4270 temporaliter
950 4208 1052 4275 qttber-

260 4295 337 4338 ttare.
349 4281 459 4348 Quodsi
476 4299 528 4340 non
539 4299 645 4351 omnes,
658 4295 722 4350 ete„
739 4288 793 4343 duo
809 4302 939 4361 vestrum,
953 4305 1007 4351 etc.

297 4371 395 4427 liatum
408 4373 547 4442 Later-aui,
559 4391 575 4430 r
587 4375 650 4432 ldus
664 4375 765 4446 blartii,
779 4383 953 4450 pontificatus
965 4389 1052 4443 nostri

262 4481 334 4520 antro
345 4467 424 4522 tertio
439 4467 555 4525 decimo.

643 4561 713 4630 XlV,

259 4662 287 4700 ιι.
312 4664 390 4703 ers.
414 4663 622 4708 arnsmeusrous
645 4667 681 4708 ετ
709 4669 843 4712 ntotsrno
871 4669 1048 4716 coruscaret

578 4757 725 4801 esnontots.

295 4829 334 4885 De
344 4847 461 4902 conprao
475 4835 595 4901 portione
614 4840 803 4893 canonicorum
817 4839 1009 4896 Tltelnoortun.

439 4922 590 4993 (Laterani,
608 4942 645 4982 ιιι
665 4926 726 4984 ldus
741 4928 851 5000 blartii.)

294 5010 362 5067 Carni
374 5012 437 5070 olim
452 5015 484 5069 ad
497 5017 653 5086 petitionem
664 5017 824 5076 dilectorum
837 5022 953 5077 llllorunt
965 5037 1047 5079 οιιιιο-

259 5103 382 5158 nieorum
397 5103 526 5160 Ecclesiae
541 5101 677 5164 'llrebanae
688 5109 786 5166 dilecto
806 5113 861 5170 lllio
877 5113 1045 5170 llazorescen

256 5193 343 5249 electo
359 5203 387 5250 et
401 5196 457 5250 suis
472 5196 660 5267 conjudicibus
680 5201 848 5259 dedissemus
859 5207 958 5261 nostris
974 5205 1046 5261 litte-

256 5286 296 5340 ris
311 5288 337 5341 in
359 5290 496 5346 mandatis
521 5298 551 5346 ιιι
578 5294 758 5349 venerabilem
781 5293 893 5350 lratrcnr
920 5307 1045 5354 nostrum

257 5375 415 5433 Tlrebanum
431 5380 664 5450 arelriepiscopom
682 5386 860 5442 admonerent
882 5387 983 5442 eisdem
1000 5403 1045 5444 ca·

255 5467 361 5523 nouicls
377 5471 528 5538 portionem
541 5472 575 5529 de
591 5473 671 5528 rebus
692 5473 819 5530 Ecclesiae
829 5491 886 5532 suae
896 5493 1044 5548 congruam

1107 2293 1218 2355 propter
1233 2284 1308 2339 varia
1325 2284 1408 2340 maris
1421 2294 1449 2339 et
1465 2292 1544 2340 terrae
1557 2284 1688 2355 pericula,
1704 2298 1752 2354 pro
1766 2281 1900 2339 beneficio

1107 2375 1285 2433 absolutionis
1317 2375 1443 2431 lrabcndo
1468 2376 1501 2431 ad
1526 2390 1577 2431 nos
1600 2376 1732 2431 accedere
1752 2382 1899 2444 nequeant,

1108 2466 1227 2523 Ecclesia
1250 2483 1298 2523 sua
1313 2468 1464 2538 sepissime
1476 2468 1534 2524 laec
1548 2469 1582 2524 de
1595 2482 1677 2522 cansa
1691 2467 1804 2523 ulterius
1815 2482 1899 2537 quam

1107 2559 1217 2614 deceret
1235 2559 1325 2616 debito
1343 2559 1456 2616 servitio
1475 2559 1663 2615 defraudatur.
1680 2558 1719 2614 lle
1748 2559 1831 2627 igitur
1857 2560 1900 2614 ui·

1107 2652 1192 2707 mium
1213 2652 1358 2708 deserendo
1371 2653 1503 2723 pretatis,
1516 2650 1653 2720 subiectos
1675 2653 1831 2721 opprimere
1856 2654 1902 2708 ri·

1108 2744 1229 2812 dearum,
1245 2745 1412 2801 lratemitati
1425 2755 1476 2802 tuce
1488 2760 1536 2815 per
1547 2743 1695 2816 apostolica
1708 2746 1808 2815 scripta
1821 2760 1902 2800 man-

1107 2834 1204 2889 damus
1217 2846 1352 2905 quatenus
1364 2835 1392 2891 in
1403 2834 1550 2891 canonicos
1562 2836 1634 2906 ipsos
1648 2836 1820 2906 precipitare
1834 2848 1901 2890 sen·

1108 2926 1219 2980 letitiam
1234 2936 1328 2982 contra
1349 2927 1420 2998 juris
1442 2928 1567 2983 ordinem
1590 2944 1644 2984 non
1667 2942 1828 2997 praestrmas,
1847 2927 1898 2983 scd

1107 3016 1144 3071 ita
1155 3018 1307 3075 satisfacias
1322 3019 1356 3075 de
1369 3019 1477 3090 iniuriis
1496 3033 1577 3088 snper
1588 3019 1640 3075 lroc
1651 3019 1779 3089 irrogatis
1791 3019 1895 3075 eisdem

1107 3110 1178 3179 quod
1190 3109 1293 3177 justam
1307 3110 1340 3166 de
1354 3120 1380 3168 te
1392 3112 1533 3166 materiam
1554 3128 1606 3167 nnn
1631 3110 1752 3168 babeant
1775 3124 1900 3182 conque-

1108 3198 1194 3253 rendi.
1209 3198 1335 3269 Alioquin
1353 3212 1489 3270 procerte
1508 3195 1658 3273 cognoscas
1680 3201 1789 3273 quodsi
1817 3203 1898 3256 nobis

1106 3302 1189 3359 super
1208 3295 1260 3345 ιιοιι
1273 3289 1353 3345 inerit
1368 3292 1463 3347 iterata
1477 3294 1601 3363 querela,
1612 3292 1695 3349 ollleii
1721 3294 1807 3350 nostri
1821 3294 1901 3350 dett-

1108 3386 1164 3432 tom
1180 3381 1409 3448 conquerentibus
1422 3381 1577 3438 reddemus.

1140 3469 1250 3538 Datum,
1262 3481 1290 3525 ιιι
1301 3473 1330 3526 in
1344 3471 1399 3527 olio
1412 3484 1560 3544 pertatem.

1457 3562 1526 3620 ill'l.

1120 3670 1279 3713 armasset
1310 3672 1515 3715 ancnrertscoro
1537 3675 1573 3716 cr
1590 3675 1785 3717 snrrnaotuets
1804 3676 1877 3716 ctos.

1240 3743 1274 3800 tta
1287 3743 1389 3802 Latinis
1405 3748 1448 3802 det
1466 3750 1587 3819 proprios
1601 3751 1760 3805 sacerdotes.

1417 3841 1579 3913 (Laterani.)

1141 3930 1259 3986 liilectos
1284 3931 1354 3986 llius
1376 3933 1474 3988 nobilis
1494 3933 1536 3987 vir
1552 3933 1585 3990 0.
1612 3933 1648 3988 de
1675 3932 1748 3989 tima
1767 3934 1900 3991 domiuus

1103 4020 1277 4078 Atheniensis
1292 4038 1343 4094 per
1358 4023 1463 4078 litteras
1474 4035 1581 4080 nostras
1602 4034 1720 4080 uestram
1739 4025 1818 4096 petiit
1830 4040 1900 4096 pro-

1104 4114 1252 4168 videntiam
1286 4115 1424 4169 admoneri
1451 4123 1482 4168 ut
1504 4116 1531 4169 in
1557 4117 1657 4171 castris
1680 4117 1736 4171 suis
1759 4124 1787 4171 ct
1812 4117 1899 4184 rillis,

1102 4203 1244 4273 inquibus
1263 4203 1405 4260 duodecim
1432 4203 1520 4261 Latini
1544 4207 1714 4263 abundantes
1736 4218 1826 4262 certas
1844 4209 1900 4263 lra-

1103 4299 1213 4354 buerint
1234 4301 1399 4366 marrslones,
1413 4302 1538 4372 proprios
1553 4304 1720 4366 sacerdotes,
1737 4304 1838 4372 quibus
1850 4305 1898 4357 in-

1103 4399 1177 4460 tegre
1191 4405 1206 4444 a
1221 4391 1324 4446 Latinis
1351 4391 1428 4449 laicis
1455 4395 1567 4450 decimas
1589 4397 1788 4465 persolvantur,
1811 4397 1895 4451 iusti-

1103 4491 1178 4538 tncre
1195 4485 1342 4550 curaretis3
1358 4486 1508 4554 presertim
1523 4501 1583 4542 cum
1602 4487 1684 4542 iidem
1699 4487 1762 4542 laici
1774 4488 1830 4543 siut
1845 4503 1897 4558 pa·

1065 4589 1088 4644 ι)
1104 4573 1155 4626 rati
1169 4573 1319 4643 lmjusmodi
1331 4575 1510 4647 presbyteris,
1524 4576 1625 4646 quibus
1637 4578 1751 4632 decimae
1766 4593 1818 4632 non
1834 4579 1896 4632 sul·

1102 4663 1225 4731 licerent,
1242 4667 1395 4734 prouidere.
1405 4664 1540 4733 Quocirca
1557 4667 1720 4723 lratemitati
1733 4679 1894 4738 rcstrepcr

1099 4754 1247 4824 apostolica
1263 4755 1363 4826 scripta
1383 4756 1564 4827 praecipiendo
1580 4759 1741 4814 attendamus
1754 4769 1892 4829 quatenus

1099 4845 1222 4916 petitioni
1237 4844 1356 4914 ejusdem
1370 4846 1469 4902 nobilis
1482 4861 1563 4916 super
1583 4848 1646 4912 boo,
1670 4858 1751 4917 prout
1766 4850 1892 4906 videritis

1099 4936 1237 5004 expedire,
1253 4936 1413 4993 benevolum
1424 4937 1569 5008 prebeatis
1590 4951 1745 4993 assensum.
1761 4939 1891 5010 lllioqnin

1099 5029 1198 5084 dilecto
1216 5029 1272 5084 lrllo
1293 5031 1423 5098 magistro
1444 5029 1477 5084 li.
1501 5031 1605 5085 decano
1627 5030 1781 5086 brusellensi
1809 5040 1838 5086 et
1858 5032 1888 5086 ll.

1099 5122 1204 5175 cantori
1219 5131 1248 5176 ct
1271 5120 1382 5178 Terrico
1402 5123 1534 5179 canonico
1557 5123 1696 5179 'llrcbanis
1710 5123 1834 5178 dedimus
1862 5125 1890 5178 in

1099 5212 1233 5267 nrandatis
1246 5220 1274 5266 ot
1288 5214 1401 5269 veritate
1418 5229 1500 5285 snper
1510 5214 1562 5270 boc
1575 5215 1735 5285 diligentins
1746 5214 1890 5284 inquisita,

1098 5301 1170 5356 illam
1182 5303 1259 5358 nobis
1273 5306 1400 5360 studeant
1414 5305 1532 5362 lulelitcr
1545 5306 1684 5362 intimare.

1133 5393 1229 5448 liatum
1245 5391 1383 5462 Laterani,
1396 5408 1463 5466 cte,
1475 5407 1503 5450 ιιι
1514 5400 1541 5452 in
1557 5397 1611 5452 olio
1622 5414 1669 5467 per
1684 5409 1778 5452 torrem.

1132 5487 1268 5556 Scriptum
1289 5500 1326 5543 est
1339 5490 1401 5559 ipsis
1412 5506 1494 5560 saper
1512 5489 1560 5545 itae
1583 5493 1611 5544 lu
1625 5491 1745 5545 eamdem
1761 5491 1815 5560 lere
1831 5507 1890 5546 mo-

251 5559 404 5628 assignare,
415 5560 485 5615 idem
503 5560 735 5634 archiepiscopus,
751 5577 830 5635 prout
851 5570 952 5624 nostris
967 5572 1044 5626 auri·
1095 5579 1160 5634 dent
1171 5579 1386 5650 naqaeinfinern.
1398 5579 1475 5647 Quod
1493 5582 1516 5638 si
1528 5596 1582 5637 non
1597 5597 1703 5650 orrrues,
1721 5593 1773 5639 etc.
1790 5583 1887 5640 liatrrm

252 5648 304 5705 bos
331 5660 373 5705 est
397 5650 523 5713 relatum.
551 5655 747 5712 monitionibus
774 5657 880 5713 illorum
905 5660 1042 5731 inductos,
1096 5679 1125 5724 ur
1141 5669 1168 5725 in
1184 5669 1235 5726 alia
1248 5685 1297 5742 per
1310 5679 1407 5726 totum.

252 5737 433 5794 consideratis
448 5741 596 5798 redditibus
607 5742 729 5813 eiusdem
744 5746 870 5804 Ecclesia
883 5763 916 5805 ae
929 5749 1043 5806 laculta·

255 5827 329 5884 tibus
340 5829 484 5902 universis,
498 5835 669 5893 ratedietatem
687 5852 781 5895 earum
794 5840 933 5898 canonicis
945 5851 1042 5899 contu·
