4109 6325
227 253 278 310 est

678 238 874 298 lhsocshrtt
892 236 926 293 lli
945 236 997 292 PP.
1018 228 1256 290 rrectls'Toutttt
1274 230 1339 286 tttt.
1359 229 1419 286 XV.

1817 231 1867 291 581

224 362 452 436 metropoliticam
467 358 585 433 pertinet
599 356 771 429 dignitatem.
798 354 866 425 Quia
887 367 953 410 rere
968 367 1018 409 nos
1032 368 1055 427 Α
1069 346 1141 405 Nulli
1154 362 1237 421 ergo,
1253 357 1317 411 ιιι,
1334 345 1572 413 schismaticum.
1589 352 1659 413 ete,
1678 362 1759 402 arcus
1773 346 1867 405 ineur-

226 457 385 530 suppliciter
401 452 523 509 erurasti
538 458 569 505 ut
588 448 711 505 eamdem
725 446 944 503 Corinthiensem
964 444 1018 501 Ec-

224 550 354 615 clesiam,
370 544 429 611 eui,
444 540 499 599 heo
513 550 639 607 anctore,
654 554 771 611 preesse
782 537 961 611 digitosceris,
977 536 1019 591 di-

224 650 369 711 puaremur
388 631 530 705 apostolici
544 630 679 702 privilegii
705 630 856 685 rnrrrrimine
875 628 1018 693 rohorare,

223 746 275 787 nos
292 728 347 785 tuis
362 724 445 796 iustis
458 722 688 795 postulationihus
707 730 876 787 annuentes,
890 734 949 776 eam
968 719 1018 776 suh

222 816 296 877 beati
312 818 387 876 Petri
400 825 428 873 et
439 824 532 873 nostra
547 814 718 886 protectione
731 811 895 883 suscipimus
908 820 936 866 et
950 825 1018 881 pre·

223 909 308 970 sentis
321 909 416 981 scripti
431 906 572 980 privilegio
586 902 797 971 communimus,
816 912 968 960 statuentes
985 910 1017 959 ut

221 1015 399 1076 quascunque
412 999 609 1069 possessiones,
622 1007 688 1063 eto,
702 1013 784 1068 usque
796 994 897 1051 illihata
910 1011 1017 1068 perma-

221 1101 319 1160 neant;
336 1093 362 1147 in
376 1091 474 1163 qrrihus
487 1090 561 1155 haec,
572 1098 638 1154 etc,
650 1104 732 1160 usqne
745 1087 883 1144 rocahnlis
896 1104 903 1141 ε
915 1087 1015 1144 Lucum

223 1184 325 1257 ipsum,
339 1192 406 1248 etc..
419 1197 500 1252 usqne
515 1178 687 1249 pertinentiis
702 1178 771 1240 siris,
784 1178 874 1233 casale
889 1177 961 1249 qrrod
977 1177 1017 1233 di·

223 1276 297 1331 citur
315 1272 427 1338 Enoria,
447 1270 538 1327 casale
558 1269 630 1340 quod
656 1268 758 1327 dieitur
777 1268 912 1337 Petrina,
926 1269 1017 1327 casale

221 1365 293 1437 qnod
305 1364 405 1420 dicitur
416 1362 537 1435 Palngia,
546 1360 638 1418 casale
648 1362 720 1430 quod
733 1360 833 1417 dicitnr
844 1360 1014 1425 Calcsnrnta,

222 1457 314 1514 casale
330 1456 402 1527 (priori
415 1454 515 1510 dicitur
525 1451 635 1524 Cyrilla,
646 1449 737 1508 casale
750 1451 822 1522 quoti
839 1450 937 1506 dieitur
949 1448 1016 1506 Sue-

222 1549 322 1621 ehyna,
333 1546 424 1603 casale
435 1544 505 1615 quud
518 1542 615 1599 dicitur
628 1542 758 1610 Surados,
767 1541 857 1597 casale
866 1540 937 1612 quod
950 1541 1016 1596 drei-

224 1639 429 1704 turLauenicla,
437 1635 526 1692 casale
535 1635 606 1705 quod
616 1633 837 1697 diciturClenua,
845 1631 935 1689 casale
944 1634 1015 1703 quod

1070 454 1175 495 surum.

1106 531 1203 586 [tatum
1216 527 1354 592 Laterani,
1375 542 1394 581 x
1412 526 1474 583 Kal.
1488 524 1576 594 lunii,
1590 526 1766 597 pontificatus
1777 531 1867 587 nostri

1070 638 1143 678 auno
1155 623 1250 693 urrinto
1263 620 1381 677 decimo.

1442 708 1501 766 tx.
1560 734 1564 743 ·

1070 820 1192 864 susurro
1214 816 1421 861 aasrrrsrrseoro
1442 819 1478 859 sa
1503 817 1697 861 aaarrosrsssr
1721 820 1757 860 rr
1781 786 1851 861 r'srr

1352 909 1438 952 cressi
1454 909 1597 951 scissuras.

1210 987 1392 1043 Coutrnittitnr
1404 988 1441 1041 cir
1451 988 1573 1058 pendant
1584 1002 1677 1041 cusan.

1263 1079 1414 1151 (Laterani,
1425 1094 1464 1132 ιιι
1479 1076 1540 1133 Kal.
1551 1075 1649 1148 lunii.)

1106 1171 1278 1228 Verrernhilis
1300 1171 1384 1226 hutcr
1403 1178 1496 1226 noster
1511 1167 1713 1226 Corinthiensis
1732 1170 1854 1244 archiepi

1069 1279 1169 1335 scopus
1184 1262 1324 1335 proposuit
1337 1278 1429 1319 coram
1450 1262 1528 1319 nohis
1548 1264 1620 1333 qrtoil
1636 1278 1670 1319 eo
1694 1263 1727 1318 ml
1744 1264 1864 1334 regiraren

1071 1355 1203 1411 Ecclesiae
1216 1351 1418 1411 Corinthiensis
1432 1364 1583 1425 nssnmpto,
1599 1357 1719 1411 decaicus
1735 1366 1763 1411 et
1780 1371 1865 1411 cano-

1069 1448 1123 1504 nici
1151 1447 1272 1517 ejusdcm
1297 1446 1420 1503 ecelesiae
1448 1446 1624 1501 ohtinuernnt
1653 1446 1688 1500 ah
1708 1460 1742 1502 eo
1765 1445 1865 1503 callide

1068 1538 1253 1593 circumvento
1271 1537 1443 1593 medietatem
1462 1536 1584 1593 omniun
1608 1536 1777 1593 decimarum
1803 1554 1863 1596 mo·

1069 1628 1250 1683 posteriorum
1271 1638 1299 1685 et
1322 1636 1469 1700 papatuum
1482 1627 1509 1683 in
1530 1626 1629 1698 quihus
1653 1636 1710 1684 tres
1735 1630 1863 1686 monaehi

227 1731 328 1789 dicitnr
339 1730 471 1793 earnm,
487 1726 578 1783 casata
599 1727 671 1797 qnod
686 1726 786 1783 uterini·
805 1724 906 1787 ciana.
926 1724 1018 1782 casato
1034 1710 1055 1769 Β
1070 1718 1111 1773 ret
1134 1717 1276 1787 pauciores
1308 1726 1449 1773 morantur
1474 1716 1544 1785 sihi,
1570 1716 1646 1773 sarva
1672 1725 1762 1773 nnten
1789 1718 1863 1775 sctis

225 1828 297 1897 qrrod
313 1824 412 1881 dicitnr
427 1822 576 1889 Quarrata,
592 1830 617 1875 et
639 1817 731 1875 casale
745 1818 817 1889 quod
833 1819 931 1875 dicitur
947 1817 1017 1874 Sau-

229 1918 308 1987 dyea,
324 1929 386 1970 cum
401 1911 527 1968 ortrnihus
541 1911 711 1980 pertinentiis
724 1911 892 1965 eorttnnlenr.
907 1910 1018 1981 Episco-

222 2016 303 2079 patus
323 2020 431 2077 quicque
445 2003 559 2059 interius
572 2002 742 2057 adirotandos
757 2000 884 2057 Ecclesiae
899 2010 950 2056 tuae
961 2015 1018 2057 me·

223 2098 375 2171 tropolitieo
387 2098 449 2170 jure
460 2094 596 2165 subjectos
613 2094 661 2149 tihi
682 2095 788 2164 tuisque
807 2092 1016 2149 successorihus

221 2189 396 2246 nihilominus
410 2187 615 2252 continuamus,
631 2183 755 2239 videlicet
766 2181 1015 2253 cephalonensem,

221 2280 320 2337 lacint.
335 2278 488 2335 Damclant.
502 2276 657 2344 llalaucsia,
671 2274 778 2346 Argus,
794 2274 869 2331 Cilas
883 2285 911 2329 et
925 2274 1017 2331 Cirne-

221 2388 281 2429 nes.
293 2370 384 2427 Palleo
397 2386 461 2427 uero
474 2370 546 2442 qarod
562 2368 610 2424 tihi
631 2384 663 2423 er
679 2366 920 2437 apostolicaesedis
936 2365 1016 2420 heni-

221 2466 324 2538 gnitate
335 2462 497 2519 contulimus
510 2460 579 2516 inira
596 2469 668 2515 tnarn
681 2458 826 2514 ecclesiam
839 2498 846 2522 ,
860 2466 924 2523 cte,
936 2472 1016 2527 nsque

221 2554 437 2613 solemnitatibus
472 2552 613 2609 heatoruur
650 2549 785 2605 Theodori
817 2558 844 2603 ct
869 2548 1016 2605 stratilatis

221 2658 371 2717 martyrum
395 2652 423 2700 et
445 2642 659 2699 consecrationis
685 2653 737 2695 turae
758 2640 1012 2696 anniversarindie.

219 2739 260 2793 hd
273 2736 399 2807 haec,ipsi
410 2733 591 2790 corinthiensi
603 2732 743 2804 irretropoli
755 2748 832 2788 snam
845 2731 1014 2802 prouinciam

220 2830 424 2885 confirmanius.
440 2824 504 2882 lura
520 2840 629 2896 quicque
643 2841 675 2880 ae
694 2827 764 2881 huna
777 2823 853 2895 ejus,
869 2825 1015 2896 dignitates

222 2928 251 2975 et
267 2920 407 2975 lihertates
425 2916 523 2987 ipsius,
543 2932 593 2972 nec
611 2934 663 2972 nort
680 2918 806 2987 anitiquas
820 2926 849 2971 et
868 2916 1015 2972 ralionahi·

221 3009 264 3065 les
279 3007 487 3065 consuetudines
502 3009 663 3064 auctoritate
678 3008 826 3078 apostolica
840 3006 1012 3071 rohnraunrs,
1028 3046 1052 3110 c

1069 1808 1225 1881 apostolice
1245 1810 1421 1875 auctoritate,
1448 1809 1574 1866 concedi.
1603 1808 1705 1864 ilerum
1731 1811 1796 1881 quia
1826 1826 1862 1868 ex

1071 1900 1251 1956 euticessione
1280 1900 1435 1971 hujusmodi
1464 1900 1553 1955 dictus
1582 1898 1803 1970 archiepiscopus
1831 1915 1864 1956 se

1070 1993 1154 2049 sentit
1166 1991 1317 2048 enormiter
1331 2005 1392 2047 esse
1407 1991 1523 2056 laesum,
1547 1990 1627 2047 nohis
1641 1992 1781 2048 humiliter
1797 2008 1864 2065 sup·

1069 2081 1181 2153 plicarit
1206 2091 1237 2137 nt
1262 2096 1344 2153 super
1366 2081 1418 2136 hue
1436 2081 1462 2136 ei
1485 2080 1629 2152 providere
1646 2082 1864 2140 misericorditer

1068 2172 1257 2244 dignaremur.
1279 2172 1414 2241 Quocirca
1429 2172 1595 2229 fraternitati
1611 2182 1708 2230 vestre
1729 2190 1778 2245 per
1798 2190 1862 2244 apo·

1068 2263 1164 2321 stelles
1177 2263 1278 2333 scripta
1293 2263 1454 2317 rnnrrtlatnns
1468 2268 1603 2331 quaoenus
1623 2265 1730 2320 vocantis
1744 2265 1790 2336 qui
1803 2265 1862 2319 lue-

1069 2352 1124 2407 rint
1154 2352 1297 2414 croeanili,
1316 2362 1344 2405 et
1368 2350 1496 2419 inurrlsita
1523 2364 1607 2420 super
1633 2353 1676 2408 his
1696 2362 1725 2408 et
1753 2352 1861 2421 cognita

1067 2442 1193 2508 scritate,
1211 2442 1282 2513 qnod
1302 2444 1463 2499 carronicum
1487 2442 1569 2498 luerit
1584 2442 1768 2513 appellatione
1786 2455 1862 2515 post·

1067 2534 1156 2606 posita
1169 2535 1310 2602 statuatis,
1327 2534 1460 2590 iacientes
1473 2535 1546 2605 nrmd
1561 2536 1712 2591 statueritis
1724 2550 1774 2607 per
1791 2552 1859 2593 een·

1067 2641 1161 2683 suram
1184 2622 1399 2683 ecclesiasticisis
1424 2626 1538 2684 lunariter
1558 2628 1711 2683 obseruari.
1737 2629 1814 2696 erod
1835 2630 1860 2685 si

1067 2732 1121 2774 nou
1132 2732 1239 2784 ornnes,
1257 2728 1325 2784 etc,
1343 2720 1398 2775 cluo
1410 2728 1541 2787 restrum,
1552 2730 1605 2776 etc.

1103 2808 1200 2865 Datum
1224 2810 1362 2877 Laterani,
1383 2827 1420 2865 sn
1446 2810 1559 2867 lialcnd.
1575 2808 1667 2876 inicii,
1681 2812 1860 2883 pontitieatns

1066 2902 1154 2959 nostri
1166 2886 1238 2959 anuo
1255 2903 1363 2959 decirrru
1377 2902 1485 2973 qnimo.

1432 3016 1500 3073 txt.

219 3108 248 3157 θῑ
262 3110 317 3156 lain
338 3101 385 3156 11111
405 3114 486 3173 qttttttt
503 3099 591 3156 Cithlll
616 3099 737 3156 ecclesia!
759 3098 837 3153 sitnia
861 3107 889 3155 Θῑ
913 3098 1013 3155 illibata
1084 3124 1287 3168 pneppffippscopo
1302 3126 1464 3169 pnppffisp
1485 3126 1520 3168 Π
1539 3115 1679 3172 memes(
1702 3130 1837 3171 Eppscopo·

219 3207 331 3249 manere
344 3193 491 3249 sancimus.
515 3191 676 3248 Cornreteria
697 3205 804 3260 quicque
819 3190 1013 3258 ecclesiarum,

217 3298 366 3354 earumque
381 3283 530 3351 henchcia,
547 3292 619 3350 ιιι,
639 3297 720 3354 aspre
745 3297 860 3340 ecrrsura
877 3284 1010 3338 canonica

216 3385 414 3447 compescatur.
429 3374 609 3432 Prohihemus
633 3383 724 3430 autern
742 3389 777 3430 ue
791 3374 944 3446 presbyteri
966 3389 1013 3430 ca·

216 3467 331 3540 pellani,
344 3473 416 3535 ete,
431 3482 512 3537 napae
529 3465 636 3521 irritum
663 3467 806 3522 lraheatur.
829 3465 1012 3522 Prelrihernns

217 3561 327 3630 insuper
351 3575 386 3614 ne
411 3559 570 3615 interdictus
594 3559 636 3613 rel
659 3559 922 3624 excommunicatos,
945 3569 1010 3623 ιιι,

222 3668 302 3724 aspare
316 3658 440 3720 oporteat
454 3649 566 3721 ligatnnr
581 3648 694 3705 absolvi.
712 3648 890 3704 Decerrrimus
903 3663 969 3718 ergo
983 3660 1012 3704 nt

216 3743 281 3800 nulli
296 3742 406 3800 omniuo
419 3742 570 3806 hominum,
583 3750 650 3807 etc,
664 3757 746 3812 nenne
758 3741 853 3796 usihus
875 3741 1012 3797 omniruo·

216 3837 259 3892 dis
272 3835 425 3906 protutura,
440 3833 515 3889 salva
532 3834 604 3888 sedis
619 3832 779 3903 apostolice
793 3833 967 3887 niretnritate.
981 3831 1010 3888 Si

215 3943 268 3998 qua
282 3927 364 3999 igitur
379 3926 406 3980 in
422 3923 542 3979 luiturum
554 3966 561 3990 ,
574 3934 643 3988 etc..
664 3939 744 3987 aenne
765 3923 895 3979 districte
919 3920 1011 3990 suhja-

217 4029 277 4076 ceat
292 4019 400 4073 ultioni.
416 4015 529 4072 Cunctis
543 4025 631 4071 arrtent
645 4017 734 4071 eitleru
751 4015 820 4078 loeo,
843 4022 909 4080 ete,
928 4029 1010 4084 usque

217 4111 329 4182 perennia
353 4121 462 4166 eeternae
476 4108 552 4180 pacis
567 4108 716 4164 irrueniant.
734 4107 832 4162 Amen.

251 4203 347 4258 Datum
361 4199 487 4256 Laterani
515 4213 563 4258 uer
584 4213 692 4254 caranum
708 4197 821 4254 loannis
833 4195 941 4252 Sancte
952 4195 1010 4253 lla·

217 4291 265 4348 rite
280 4292 306 4346 iu
325 4289 465 4346 Cosruidin
480 4290 587 4346 draconi
600 4287 757 4355 cardinalis,
768 4287 797 4342 S.
812 4285 846 4341 it.
861 4287 892 4341 Ε.
904 4287 1008 4343 cancel·

1067 3201 1101 3257 ot
1126 3203 1289 3275 arrffrapnnei
1308 3203 1509 3286 (Corinthiensis
1528 3207 1651 3261 ohedinnt
1681 3222 1730 3262 ruo
1755 3211 1857 3262 archie-

1401 3292 1519 3346 piscopo.

1269 3365 1421 3439 (Laterani,
1434 3382 1468 3422 rr
1484 3367 1544 3427 h'al.
1558 3368 1657 3441 lunii.)

1098 3459 1167 3515 Cnrn
1190 3459 1375 3518 retrerahilcrn
1395 3462 1507 3517 fratrent
1531 3472 1656 3518 nostrrrnr
1681 3459 1855 3518 Corinthien-

1064 3564 1121 3605 sem
1137 3551 1372 3623 arciriepiseopnm
1388 3555 1422 3609 ad
1437 3556 1547 3625 pirriprla
1559 3569 1622 3610 ctnn
1637 3552 1732 3624 gratie
1753 3558 1854 3609 nostru

1063 3642 1229 3710 plenitudine
1259 3645 1453 3711 remittamus,
1482 3643 1684 3701 verrerahilihns
1718 3642 1853 3698 iratribus

1063 3733 1164 3789 nostris
1179 3731 1359 3806 suffraganeis
1378 3732 1437 3804 ejus
1455 3735 1556 3792 nostris
1573 3735 1697 3792 dedimus
1713 3734 1813 3791 litteris
1827 3736 1854 3788 in

1062 3824 1205 3893 praeceptis
1221 3835 1251 3880 ut
1263 3825 1352 3881 eidem
1374 3834 1503 3896 mnqrraur
1516 3826 1728 3897 metropolitano
1741 3841 1791 3882 suo
1807 3827 1855 3883 dc·

1062 3919 1145 3973 hiram
1160 3919 1343 3975 obedientiam
1365 3931 1393 3977 et
1411 3923 1594 3978 reverentiam
1619 3921 1778 3992 impendere
1799 3938 1855 3978 non

1061 4007 1199 4064 carittant.
1222 4008 1355 4077 Quocirca
1371 4010 1537 4068 lrateruitati
1558 4021 1658 4068 restrae
1678 4025 1726 4079 per
1744 4020 1855 4080 aposto·

1062 4101 1113 4158 lica
1129 4104 1231 4175 scripta
1247 4105 1554 4174 rrrarrtlarnusquateuus
1570 4105 1593 4160 si
1606 4104 1673 4160 dicti
1688 4103 1853 4175 suffraganei

1061 4205 1228 4267 preceptum
1244 4206 1370 4252 nostrum
1384 4197 1556 4268 neglexerint
1570 4196 1728 4269 adimplere,
1744 4212 1793 4252 ros
1805 4212 1854 4252 eus

1060 4291 1094 4344 ad
1109 4290 1135 4345 id
1147 4290 1296 4346 monitione
1311 4289 1451 4360 praemissa
1464 4304 1512 4360 per
1524 4304 1670 4346 censuram
1684 4288 1855 4344 ecclesiasti·

216 4383 294 4449 larii,
316 4398 344 4436 ιι
367 4379 427 4436 Kal.
444 4379 531 4446 lirnii,
557 4381 705 4436 indictione
726 4395 779 4444 rr,
808 4379 1007 4434 incarnationis
1023 4391 1046 4446 ι)
1060 4397 1120 4438 eam
1140 4381 1324 4452 appellatione
1337 4393 1440 4438 remota
1454 4382 1568 4453 cogatis.

216 4473 363 4529 llorninieac
385 4485 457 4525 anim
472 4471 556 4537 tels,
573 4471 746 4537 pontilicatns
766 4482 829 4523 reru
847 4467 950 4524 dorrrini
964 4468 1007 4524 lu-

214 4563 332 4620 uocentii
346 4577 420 4632 pupae
433 4561 465 4616 lll
477 4579 548 4616 ιιιιιιο
560 4564 655 4632 quiitrto
675 4561 791 4616 decimo.

581 4653 647 4710 utll.

353 4762 450 4803 rreoao
464 4761 658 4802 incurcurum
671 4761 867 4802 conrsrursssr.

381 4839 526 4909 Confirmat
542 4841 565 4894 ci
578 4839 832 4895 rtrclritlincortatatm.

429 4929 578 5001 (Laterani,
594 4947 609 4984 x
623 4930 682 4986 lial.
697 4930 792 5000 lunii.)

230 5091 232 5097 y
248 5023 315 5083 Cum
331 5024 436 5079 anchis
450 5025 566 5094 petitur,
584 5034 656 5085 ete..
673 5039 754 5094 cipue
767 5025 931 5094 perducatur
941 5022 1006 5081 ehe-

212 5127 297 5176 etuut.
310 5117 480 5186 Eapropter,
499 5115 597 5172 dilecte
611 5117 637 5170 in
653 5115 767 5171 Domino
786 5115 841 5182 hli,
857 5117 910 5171 tuis
923 5115 1005 5188 justis

213 5206 441 5278 postulationihus
461 5215 538 5276 grato
559 5216 755 5262 concurrentes
770 5219 901 5274 assensu,
916 5206 1006 5262 archi-

212 5301 384 5356 diaconatum
408 5297 641 5365 Corinthiensem,
655 5313 734 5368 utrem
756 5312 805 5368 per
822 5299 1004 5355 venerabilem

212 5391 324 5444 l'ratrenr
338 5399 461 5446 nostrum
483 5389 702 5445 Corinthiensem
724 5389 961 5460 arehiepiscopum
975 5403 1004 5444 es

212 5481 345 5538 carronice
356 5489 509 5547 assecutus,
525 5481 597 5536 sicut
619 5483 707 5550 ipsum
730 5480 804 5548 juste
831 5479 953 5548 possides
977 5489 1004 5536 et

212 5572 314 5642 quiete,
334 5573 470 5629 devotioni
487 5580 541 5628 ture
561 5572 725 5628 auctoritate
741 5570 891 5640 apostolica
905 5570 1004 5626 conllr-

212 5678 318 5722 maurus
331 5674 358 5726 et
371 5664 513 5735 presentis
526 5665 626 5735 scripti
638 5661 779 5736 priuilegio
792 5664 1001 5722 corrrrnunimus.

1098 4472 1195 4528 ilatum
1209 4472 1351 4539 Laterani,
1365 4488 1399 4528 ιι
1420 4472 1479 4530 lial.
1496 4470 1582 4539 lunii,
1607 4474 1782 4546 pontilleatus
1803 4487 1853 4530 no·

1058 4564 1109 4625 siri
1122 4579 1194 4620 auaro
1204 4565 1311 4620 decimo
1321 4565 1426 4636 qrrirrto.

1413 4657 1496 4715 Lllll.

1276 4759 1407 4806 curtraco
1426 4765 1614 4806 coararrnsrst

1231 4836 1263 4895 ti
1280 4841 1402 4895 obedient
1414 4842 1678 4911 urclriepircoporuo.

1261 4931 1411 5003 (Laterani,
1431 4949 1466 4988 xv
1481 4932 1542 4989 liat.
1555 4933 1654 5004 lurni.)

1093 5024 1160 5082 Cum
1173 5024 1357 5081 venerabilem
1368 5024 1482 5080 iratrern
1495 5035 1618 5080 nostruin
1630 5026 1851 5084 Corinthiensem

1058 5117 1292 5186 arelriepiscopnnr
1306 5117 1339 5170 ad
1353 5115 1463 5188 propria
1484 5131 1546 5172 eum
1566 5116 1662 5188 gratia·
1677 5127 1778 5173 nostre
1789 5118 1851 5188 ple·

1058 5209 1182 5264 niturllne
1199 5209 1381 5275 remittamus,
1401 5209 1570 5264 urtirersltati
1586 5219 1683 5264 vestrae
1702 5225 1753 5279 per
1776 5227 1847 5273 npu-

1061 5298 1159 5356 stoliea
1191 5300 1292 5371 scripta
1323 5303 1504 5370 precipiendo
1533 5301 1694 5358 mandamus
1714 5309 1851 5371 quatenns

1059 5391 1148 5446 eidem
1172 5400 1300 5461 tanquanr
1321 5392 1526 5462 :arciriepiseopo
1542 5405 1636 5449 restro
1647 5394 1766 5450 dehitanr
1782 5395 1850 5449 ohe·

1056 5483 1187 5540 dieutiam
1216 5493 1245 5539 et
1278 5483 1459 5540 reuerentiam
1492 5485 1653 5553 impendere
1682 5485 1848 5556 procurrens.

1056 5575 1184 5645 Alioquin
1200 5576 1330 5631 noveritis
1347 5591 1397 5631 nos
1418 5575 1620 5632 reiterabilihus
1641 5575 1771 5630 iratrihus
1797 5591 1850 5629 no·

1057 5667 1120 5724 stris
1131 5667 1336 5738 archiepiscopo
1348 5666 1505 5726 l‘atraccnsi
1519 5677 1547 5725 et
1557 5667 1705 5725 Anticlensi
1717 5665 1850 5739 episeopo
