4109 6325
595 341 848 400 pontificatus
865 340 958 398 ANNO
974 339 1045 408 tlt,
1058 339 1194 398 cittilstt
1214 340 1292 397 itit.

956 458 1053 526 plere
1069 467 1141 513 totns
1159 456 1277 512 mundus
1294 458 1420 513 turbatus
1437 467 1479 512 est
1500 465 1527 513 et
1545 457 1649 527 positus
1665 457 1690 512 in
1710 462 1787 517 mali·

504 504 592 560 CLlll.

273 631 417 675 mercer
431 631 585 674 rnsrosrm
599 633 801 675 coeoceasiiius.

237 728 417 800 Confrmntirr
434 726 525 782 electio
534 727 668 798 praepositi
680 728 848 784 cibiniensis.

307 839 461 911 (Laterani,
474 855 518 895 xri
533 839 594 897 ltat.
607 840 775 911 Februarii.)

186 956 263 1029 (eet)
276 954 355 1012 Sicut
373 953 490 1010 dilectus
513 953 584 1008 lilius
607 953 738 1024 magister
760 951 793 1006 tt.
806 951 883 1008 nobis
895 967 943 1008 ei·

148 1064 254 1122 ponere
278 1045 453 1118 procuravit,
478 1045 658 1099 charissimus
683 1045 710 1098 iii
736 1042 845 1100 Christo
871 1044 942 1100 filius

148 1151 243 1196 noster
256 1138 382 1210 Unqariae
401 1152 449 1192 res
465 1135 579 1190 illustris
590 1135 678 1205 ipsum
689 1133 723 1188 ad
735 1136 941 1204 praeposituram

148 1228 335 1283 cibiniensem
355 1225 433 1280 duxit
454 1224 587 1280 canonice
598 1225 827 1296 praesentandum.
842 1225 941 1282 Verum

148 1317 214 1387 quia
242 1315 423 1388 prepositura
447 1315 543 1370 eadem
567 1315 602 1370 ad
627 1329 677 1370 uos
704 1314 731 1368 iii
754 1313 942 1384 spiritualibus

148 1409 222 1464 nulfo
238 1410 357 1481 pertinet
371 1406 521 1474 medianre,
536 1406 614 1462 nobis
629 1405 768 1462 humiliter
779 1408 941 1480 supplicavit

148 1509 179 1554 ut
202 1501 255 1555 sibi
274 1515 335 1556 eam
356 1499 384 1554 in
409 1499 522 1568 hisquae
543 1499 578 1552 ad
589 1513 639 1554 uos
654 1499 792 1567 pertinent
804 1501 942 1556 conferre-

147 1599 219 1638 mus.
234 1583 288 1639 Nos
298 1588 470 1656 aumurquod
481 1602 532 1656 per
554 1586 656 1642 dicium
673 1602 763 1659 regem
778 1586 879 1644 factum
891 1605 940 1644 ca-

146 1675 248 1728 nonice
277 1672 368 1729 luerat
390 1675 592 1746 approbantes,
616 1691 664 1747 per
688 1678 836 1749 apostoliea
863 1682 940 1738 uobis

146 1764 251 1834 scripta
277 1767 439 1822 mandamus
463 1776 599 1837 quatenus
624 1769 727 1825 dictum
747 1770 781 1826 li.
798 1772 825 1826 iu
843 1773 938 1826 eadem

146 1859 329 1926 praepositura
342 1859 485 1916 instituere
500 1860 665 1917 auctoritate
676 1861 822 1930 apostolica
841 1878 939 1932 procu·

148 1947 230 2002 retis.

1735 346 1786 403 bil

994 564 1059 618 giro,
1089 546 1255 602 coiisntiuius
1280 555 1307 601 et
1330 561 1473 603 monemus
1495 557 1524 602 ut
1549 548 1572 604 si
1599 558 1786 618 competentes

995 648 1103 706 treugas
1113 635 1262 698 inveneris,
1275 635 1347 704 ipsas
1363 635 1488 706 recipias,
1503 635 1590 692 donec
1603 640 1784 708 opportunius

995 739 1102 798 tempus
1126 726 1253 782 adveniat
1279 739 1333 793 quo
1360 727 1434 794 ipsos
1459 727 1551 784 valeas
1568 729 1787 800 saeurtusexpu·

993 833 1086 892 qnare.

1030 912 1128 966 ilatum
1140 910 1281 974 Laterani,
1300 924 1320 962 ιι
1335 907 1420 964 h'oiiis
1436 909 1595 980 Februarii,
1611 913 1785 984 pontificatus

993 1005 1079 1060 nostri
1093 1019 1164 1060 anno
1176 1011 1275 1074 quarto
1288 1003 1404 1059 decimo.

1349 1137 1411 1194 CLi

1041 1244 1184 1286 senonensi
1195 1245 1403 1286 incuicriscoen
1417 1245 1452 1284 cr
1465 1243 1661 1288 aurasicensis
1673 1246 1744 1288 sius.

1293 1320 1491 1392 supersedero.

1164 1412 1316 1484 (Laterani,
1332 1427 1351 1466 ιι
1366 1411 1427 1467 Kal.
1443 1410 1608 1483 Fehriiarii.)

1027 1523 1101 1597 (269)
1115 1523 1277 1596 Recepimus
1288 1524 1395 1580 litteras
1412 1523 1506 1578 dolore
1523 1523 1618 1594 plenas
1637 1534 1665 1579 et
1686 1526 1786 1581 timore

991 1633 1044 1673 non
1069 1633 1168 1674 uacuas
1193 1619 1292 1688 quibus
1321 1616 1499 1672 charissimus
1527 1616 1554 1670 iu
1580 1615 1688 1672 Christo
1714 1617 1786 1672 illins

992 1721 1088 1766 noster
1104 1709 1292 1780 ildephonsus
1304 1723 1350 1763 rei
1364 1707 1491 1762 Castaliae
1508 1707 1621 1768 illustris
1632 1707 1786 1780 siguificare

958 1800 1100 1868 neuraiit
1124 1801 1197 1869 quod
1218 1799 1348 1854 Saraceni
1365 1798 1417 1854 hoc
1445 1813 1518 1854 anno
1534 1799 1668 1854 intrantes
1689 1799 1786 1870 flispa-

992 1894 1064 1950 niam
1081 1896 1107 1950 in
1125 1893 1296 1949 multitudine
1309 1890 1396 1962 quari,
1407 1891 1540 1960 quoddam
1549 1900 1669 1946 castrum
1682 1890 1786 1946 Cister-

991 1987 1093 2044 ciensis
1110 1986 1215 2042 ordinis
1242 1985 1370 2048 fratrum,
1393 1987 1464 2056 quod
1489 1983 1645 2040 salvaterra
1660 1993 1785 2050 iocatur,

185 2041 287 2096 Datum
308 2041 444 2110 Laterani,
461 2059 496 2098 ιι
510 2043 569 2101 lfnl.
591 2044 752 2110 Felicitani,
769 2045 862 2115 pontifi

227 2133 235 2144 ⁸
492 2137 498 2148 .
865 2057 941 2104 ⁰³¹¹¹⁸
992 2078 1128 2136 hostiliter
1157 2078 1331 2142 obsederunt,
1360 2077 1431 2146 quud
1451 2075 1555 2131 bellicis
1571 2076 1704 2132 machinis
1718 2076 1786 2132 info-

144 2141 234 2186 nostri
243 2148 315 2187 anno
328 2144 427 2202 quartu
440 2134 547 2191 deciiiio

991 2179 1096 2226 stantes
1107 2171 1140 2226 ad
1154 2168 1278 2225 ultimum
1293 2175 1470 2237 occuparunt.
1482 2165 1633 2222 attendens
1644 2181 1785 2236 ergopne-

992 2260 1065 2316 fatus
1083 2276 1130 2315 rex
1144 2260 1215 2329 quod
1235 2259 1287 2314 nisi
1304 2259 1344 2312 eis
1359 2257 1505 2326 campestri
1520 2255 1594 2312 hello
1614 2254 1723 2310 fortiter
1739 2271 1784 2311 re·

992 2352 1131 2416 sistatur,
1151 2352 1201 2421 ipsi
1225 2360 1280 2406 tum
1293 2356 1405 2420 propter
1422 2345 1646 2402 innumerabilem
1662 2345 1786 2399 multitu-

992 2443 1084 2499 dinem
1127 2453 1331 2511 personarum,
1362 2447 1420 2494 tum
1458 2445 1571 2508 propter
1602 2436 1785 2506 irruptionem

992 2534 1182 2591 machinarum
1214 2533 1408 2595 durissimam,
1436 2531 1582 2586 universas
1614 2529 1784 2585 minutiones

991 2643 1048 2686 snae
1072 2626 1177 2697 possint
1198 2625 1324 2679 nefandae
1353 2620 1489 2689 subiicere
1507 2620 1613 2685 ditioni,
1633 2628 1785 2689 campestre
1808 2623 1813 2638 '

992 2718 1046 2774 illis
1060 2717 1159 2773 bellum
1175 2715 1275 2771 indixit
1294 2715 1321 2768 in
1335 2713 1442 2772 octaris
1462 2712 1642 2767 Pentecosten
1659 2711 1785 2780 proximo

502 2291 590 2348 cett.

259 2417 266 2428 ·
360 2420 482 2462 ieeusriii
499 2421 559 2460 neci
576 2419 729 2460 cisrsceie.

146 2515 308 2572 Consolarer
331 2533 391 2572 esne
417 2519 445 2571 in
463 2516 632 2638 trilnlgitione
658 2532 718 2581 auc,
742 2525 766 2569 et
786 2516 832 2569 dut
851 2516 940 2570 indul·

493 2601 540 2657 qen
553 2603 603 2640 rur.

323 2677 474 2749 (Laterani,
490 2693 509 2731 ιι
520 2675 591 2732 flou.
604 2674 769 2746 Februarii.)

181 2812 250 2868 Cum
270 2825 419 2878 personam
436 2819 509 2865 tuam
525 2809 598 2864 inter
611 2807 768 2864 Catholicos
783 2823 861 2880 reges
879 2824 940 2880 spe·
992 2810 1148 2874 adfuturis,
1174 2809 1276 2880 eligens
1298 2808 1367 2862 mori
1394 2807 1484 2878 potius
1513 2819 1596 2873 quam
1624 2802 1786 2859 Christiana

145 2903 208 2958 ciali
221 2903 368 2974 diligamus
387 2902 415 2956 in
430 2901 547 2958 Domino
558 2900 709 2965 charitate,
724 2900 751 2953 iii
766 2901 809 2955 his
820 2915 879 2969 quae
895 2915 940 2956 se·
992 2905 1080 2975 gentis
1094 2903 1164 2958 mala
1180 2902 1282 2956 ridere.
1297 2899 1374 2956 Unde
1393 2899 1472 2954 nohis
1493 2895 1633 2952 humiliter
1647 2893 1784 2965 supplica·

145 2995 264 3051 eundum
278 2995 363 3049 ileum
373 2994 491 3065 requiris
505 3009 520 3047 a
535 2994 615 3048 nobis
632 2994 755 3046 farnrcm
770 2991 817 3046 tihi
832 3001 940 3061 aposto·
991 2997 1032 3050 rit
1045 3002 1180 3065 quatenus
1194 2992 1218 3047 ei
1233 2991 1418 3046 necessarium
1430 2985 1723 3044 faeereuiusaiuiilium
1735 2986 1786 3040 iin-

144 3087 229 3142 lieum
240 3086 337 3142 libenti
353 3087 446 3142 animo
461 3085 641 3155 impertimur.
652 3083 690 3138 fle
707 3083 865 3138 infortuniis
874 3098 940 3153 erqo
993 3084 1086 3155 peitiri
1101 3097 1149 3152 per
1162 3080 1305 3137 catholicae
1325 3079 1390 3135 fidel
1407 3079 1590 3150 professores.
1620 3075 1675 3132 Nos
1702 3077 1785 3149 igitur

145 3194 209 3249 quae
235 3194 321 3251 nuper
347 3178 489 3234 serenitati
524 3178 606 3247 regia
630 3177 788 3232 acciderunt
824 3141 1135 3246 pateruocpiumeius
1153 3171 1321 3245 propositum
1351 3172 1378 3226 in
1406 3170 1521 3227 Domino
1544 3171 1783 3234 commendantes,

144 3271 198 3327 tibi
209 3271 385 3327 condolemus
396 3270 505 3327 affeetu.
519 3270 553 3326 Et
572 3278 602 3324 ut
624 3269 746 3325 favorem
758 3268 939 3339 apostolicum
989 3264 1158 3321 fraternitati
1172 3274 1270 3321 restrae
1282 3278 1331 3333 per
1344 3262 1494 3334 apostolica
1507 3261 1610 3329 scripta
1623 3260 1785 3315 mandamus

143 3365 315 3422 excellentiae
328 3366 410 3437 regiae
422 3364 527 3420 sentias
540 3379 595 3419 non
611 3363 721 3429 deesse,
734 3364 812 3434 juxta
825 3364 939 3433 petitin-
989 3369 1126 3431 quatenus
1148 3358 1275 3414 subditos
1296 3365 1402 3412 restros
1417 3352 1522 3411 sedulis
1543 3351 1785 3409 exhortationihus

142 3471 209 3511 nem
234 3464 311 3511 tuam
344 3465 373 3510 et
394 3456 554 3511 instantiam
577 3454 668 3509 dilecti
694 3454 741 3510 filii
761 3455 940 3527 segobiensis
990 3449 1142 3513 moneatis·
1164 3448 1191 3502 ¹¹¹
1210 3446 1400 3503 ῐθῐῐὶῑῦὓῑῦῐῑθῐῐῑ
1415 3443 1537 3500 θῐῐῑῦῑῦῑῦ
1559 3449 1736 3511 wiliulfum
1749 3454 1784 3495 θ’

144 3548 233 3603 electi
259 3547 349 3603 nuntii
375 3548 423 3613 tui,
448 3546 494 3617 qui
512 3547 585 3602 cirea
600 3548 798 3617 promotionem
816 3532 941 3615 ejusdem
989 3547 1068 3609 borlo
1083 3536 1131 3593 Dei
1146 3547 1174 3592 el
1185 3545 1279 3597 notha
1299 3548 1363 3591 iere
1377 3532 1575 3605 poenitentihus
1590 3530 1783 3600 iiijuiigciilets

141 3640 250 3709 neth
266 3627 368 3695 exstitit
381 3640 513 3695 sollicitus
524 3648 551 3693 et
567 3646 708 3704 attentus,
723 3630 939 3709 archiepiscopis
990 3640 1020 3685 ut
1036 3631 1061 3687 ei
1092 3630 1253 3701 praescripto
1277 3626 1392 3684 termino
1415 3626 1442 3680 iii
1457 3626 1510 3681 hoc
1529 3623 1700 3679 necessitatis
1716 3620 1783 3677 arti·

142 3743 174 3787 et
189 3730 345 3801 episeopis,
367 3747 415 3801 per
437 3745 548 3801 regnum
566 3728 691 3785 Francia
711 3745 742 3786 ae
764 3730 938 3786 Prouinciam
990 3722 1053 3777 culo
1066 3730 1269 3787 succurrentes,
1283 3718 1467 3775 necessarium
1478 3718 1637 3787 impendant
1652 3713 1783 3770 auxilium

144 3824 320 3881 constitutis.
346 3826 449 3881 nostris
470 3826 568 3881 damus
594 3826 693 3880 litteris
717 3825 744 3879 in
761 3825 896 3880 mandatis
910 3834 939 3881 ut
990 3818 1017 3872 in
1032 3816 1115 3871 rebus
1125 3817 1227 3887 pariter
1240 3824 1267 3872 et
1281 3816 1406 3887 personis
1418 3832 1425 3880 ι
1438 3824 1467 3870 ut
1479 3830 1526 3885 per
1539 3816 1595 3870 haet
1606 3823 1632 3869 et
1647 3814 1697 3869 ³¹1³
1710 3814 1783 3868 ¹10⁰*

143 3914 269 3970 subditos
291 3930 357 3971 suos
380 3916 482 3971 sedulis
505 3916 741 3971 exhortationihus
766 3924 895 3970 moneant
911 3925 939 3970 ei
990 3907 1118 3972 fecerint,
1133 3908 1252 3964 cielestis
1269 3910 1345 3979 requi
1368 3908 1483 3977 gloriam
1507 3908 1637 3977 consequi
1660 3920 1783 3961 merean-

144 4003 275 4059 indueaut
289 4004 377 4076 (268).
390 4005 617 4061 inremissionem
632 4005 752 4061 omnium
766 4014 939 4075 peecatorum
991 4014 1045 4059 tur.
1073 4002 1136 4060 Puri
1157 4017 1264 4075 quoqne
1284 4004 1442 4060 remissione
1463 4005 1582 4075 gaudere
1605 4002 1784 4058 concedimus

144 4106 179 4148 ex
195 4102 275 4162 parte
296 4093 344 4149 bei
357 4102 387 4150 et
407 4102 499 4151 nostra
517 4110 582 4150 rere
592 4093 788 4166 pertissimus
798 4094 940 4165 inlunqen-
989 4095 1160 4165 peregrinos,
1172 4096 1217 4165 qiii
1230 4096 1337 4165 propria
1350 4096 1504 4162 deuotione,
1522 4096 1702 4163 undecunque
1719 4108 1783 4161 pro·

146 4196 198 4253 ies,
226 4196 257 4240 ut
272 4200 335 4240 euin
355 4185 500 4242 Saracenis
514 4186 542 4241 iii
565 4182 669 4242 octaris
683 4186 865 4244 Pentecosten
878 4204 940 4259 pro
990 4190 1124 4245 cesserint
1138 4188 1171 4244 ad
1183 4188 1332 4259 idemopus
1346 4187 1462 4243 fideliter
1479 4186 1694 4255 exsequendum.
1707 4182 1782 4240 'fafi-

144 4278 222 4331 ximo
240 4276 375 4333 adfuturis
394 4287 546 4346 campestre
567 4279 666 4334 bellum
688 4280 830 4346 indixeris,
844 4281 872 4337 iii
888 4281 940 4337 hoc
992 4289 1033 4335 ter
1052 4291 1142 4336 autem
1155 4280 1408 4349 studeatisersequi
1426 4280 1497 4349 qued
1514 4281 1673 4335 mandamus
1685 4287 1714 4333 ιιι
1729 4278 1784 4335 sul·

147 4370 196 4424 ribi
215 4368 387 4425 necessitatis
401 4370 513 4426 articulo
529 4381 729 4439 succurrentes,
755 4373 938 4429 necessarium
991 4372 1103 4428 licitudo
1116 4382 1205 4428 restra
1220 4372 1323 4437 clareat
1334 4373 1360 4427 in
1373 4373 1594 4441 effectuumque
1611 4372 1783 4427 devotionem

146 4460 307 4529 impendant
321 4460 451 4515 auxilium
463 4460 490 4514 in
507 4462 588 4516 rebus
601 4462 704 4529 pariter
720 4470 747 4517 et
760 4464 896 4532 personis,
911 4474 940 4517 ut
954 4478 979 4539 ι)
991 4472 1109 4519 restrum
1125 4464 1264 4520 valeamus
1280 4466 1378 4519 merito
1393 4464 1593 4519 commendare.

145 4550 306 4619 perliceret
319 4552 373 4607 alia
382 4568 444 4622 quae
457 4551 581 4617 fecerint,
598 4552 717 4607 coelestis
732 4554 806 4623 regni
822 4555 938 4623 gloriam
1026 4554 1124 4609 batum
1137 4553 1278 4617 Laterani,
1290 4571 1309 4610 ii
1322 4553 1595 4618 llaleiid.Fchriiarii,
1607 4552 1783 4623 pontificatus

147 4655 362 4714 consequantur.
392 4645 454 4700 Pari
488 4660 596 4716 quoque
631 4646 793 4703 remissione
822 4649 940 4717 gaudere
992 4643 1423 4713 iiostrtannaquariodecimo:

146 4734 494 4807 ⁶⁰⁰⁰0d3ffl¹¹⁸l³0fessll¹l⁰³
513 4736 559 4805 ‘1¹¹3
577 4740 685 4808 ΡΓθΡΓῙῧ
698 4739 843 4795 (Ῑθνθῑῑθῑῑθ
855 4740 940 4794 ⁰⁰⁰⁰·
1027 4758 1091 4819 (269
1105 4758 1133 4828 ⁶)
1151 4757 1218 4813 Crini
1240 4757 1355 4814 Jacohiis
1380 4768 1405 4813 et
1430 4758 1536 4812 llurciir
1567 4756 1660 4808 uiilnas
1685 4764 1783 4808 matres

145 4842 257 4897 cunque
280 4829 465 4899 processerint
490 4826 524 4881 ad
555 4828 626 4884 iilein
653 4845 720 4900 opus
735 4830 852 4886 fideliter
864 4846 942 4886 exse·
992 4832 1114 4881 habereut
1127 4868 1133 4890 ‚
1148 4838 1257 4899 uterque
1276 4839 1385 4881 nrairein
1402 4828 1512 4882 alterins
1528 4827 1603 4879 duali
1624 4826 1738 4893 lepitiine
1752 4825 1781 4876 i'n

145 4922 298 4993 quendum.
319 4922 460 4978 lfuneiirus
485 4922 567 4992 igitur
589 4924 761 4978 serenitatem
788 4924 890 4995 regiam
914 4933 942 4980 et
992 4914 1112 4958 mrem·
1131 4907 1164 4979 ,θ’
1187 4897 1286 4979 '’¹⁰'‘'3'
1309 4898 1422 4979 *ΨΜ
1441 4894 1684 4980 ‘xsl’wnow'fl
1700 4896 1782 4977 ''lim''

992 4980 1080 5022 ulrum
1097 4966 1170 5035 filius
1194 4976 1219 5021 et
1238 4966 1295 5035 filia
1311 4982 1348 5021 rie
1369 4980 1481 5035 suscepta
1506 4974 1605 5036 possint
1634 4965 1780 5017 ndinnicent

144 5015 294 5069 ¹¹⁰¹²¹¹¹¹¹¹f
318 5020 452 5081 ‘lumem
479 5022 563 5069 ¹⁰¹²¹¹¹
587 5029 662 5083 wem
688 5023 761 5069 ‘⁰³⁰¹
782 5029 885 5083 ΜΕΝ
913 5016 940 5072 ῙῙ·
991 5036 1222 5091 matrimonialiter
1239 5034 1780 5107 copulare.Nusnuteinhreui‘terrespon·

144 5102 266 5158 Domino
277 5102 333 5157 fleo
342 5111 398 5167 tuo,
412 5113 437 5161 te
450 5103 561 5159 humilis
575 5118 667 5157 eoram
682 5104 750 5173 ipso,
770 5106 815 5174 qui
827 5106 940 5175 gratiam
992 5111 1097 5170 demus,
1113 5107 1184 5177 queit
1198 5122 1257 5161 cum
1273 5106 1341 5161 inter
1366 5123 1409 5161 aus
1423 5104 1639 5173 conscupiiinitns
1652 5103 1732 5165 primi
1755 5110 1780 5155 et

143 5210 227 5250 suani
239 5195 288 5249 dat
301 5194 452 5251 humilibus
467 5204 515 5264 ,et
531 5194 619 5249 reddit
631 5194 835 5251 retributionem
848 5210 941 5264 snper.
991 5179 1099 5231 secundi
1122 5178 1221 5247 prediis
1245 5178 1341 5233 caiitct
1353 5215 1362 5247 ,
1376 5177 1491 5248 lenirime
1506 5173 1631 5245 roiijimqi
1652 5188 1704 5228 noir
1719 5188 1781 5243 pos.

143 5287 214 5352 bin
229 5285 294 5360 quia
311 5295 464 5355 potensest
481 5295 509 5340 ιιι
525 5294 552 5340 te
565 5284 648 5339 faciat
667 5284 700 5339 de
718 5284 836 5339 inimicis
849 5286 940 5340 erucis
992 5257 1065 5302 ''¹²²‘’

144 5378 252 5435 Christi
277 5378 424 5451 magnifice
452 5376 774 5448 triumpharecaeteruin
792 5392 855 5447 quia
871 5394 941 5435 nunc
1347 5412 1380 5425 ,-

186 5534 262 5604 (aot)
277 5538 346 5591 Vide
360 5539 431 5590 infra
445 5539 525 5607 epist.
541 5534 587 5604 85,
604 5544 631 5590 et
648 5536 718 5589 infra
728 5535 809 5606 epist.
825 5536 886 5590 156.
993 5549 1019 5591 ei
1034 5536 1079 5591 lili.
1095 5552 1155 5600 viii,
1169 5552 1219 5607 cap
1242 5570 1266 5598 a,
1282 5544 1392 5607 etseqq.

187 5605 264 5689 (268)
278 5608 407 5691 ιιιοιίιι.
420 5622 480 5674 rui,
496 5607 576 5676 epist.
592 5606 658 5673 t85;
675 5607 721 5663 lib.
744 5622 801 5671 xiv,
816 5606 896 5676 epist.
910 5605 940 5673 5,
1027 5608 1092 5687 (ihil
1106 5609 1127 5694 l
1152 5606 1229 5689 Nulla
1256 5608 1334 5661 istius
1355 5604 1498 5687 decretalis
1517 5603 1618 5660 mentio
1639 5612 1728 5662 eistat
1751 5606 1782 5664 iti

144 5676 183 5742 Λς
195 5677 243 5733 lib.
255 5692 300 5740 si,
313 5687 393 5747 epist.
410 5676 453 5733 15.
992 5678 1087 5732 codiee
1106 5677 1275 5745 colbertino,
1291 5688 1319 5733 et
1340 5685 1405 5747 puto
1420 5676 1568 5733 additama
1585 5676 1704 5744 quadani
1723 5684 1781 5732 stu·

187 5747 265 5816 (269)
283 5746 350 5805 lide
363 5747 621 5805 llodciieumlulet.
635 5748 682 5805 lib.
694 5763 742 5817 iii,
753 5760 813 5817 cap.
831 5747 875 5814 55,
888 5747 939 5814 oth
993 5748 1076 5803 diosc.
