4109 6325
185 318 257 374 lidi
625 315 732 372 ratde
749 313 917 372 cottam.
939 313 1133 370 decuteret..
1155 315 1359 375 tuttocet'td.
1733 322 1801 380 ilbi

219 433 357 486 literature
368 431 484 502 ejurdenr
499 431 526 484 in
545 428 733 483 cotumaciam
748 425 933 480 Lauronensia
983 425 1110 489 Aditum
1128 436 1152 482 et
1165 443 1303 484 movemur
1314 430 1383 500 quod
1398 431 1504 500 quotics
1516 431 1548 487 ed
1559 439 1585 489 te
1599 434 1641 491 rel
1651 436 1684 490 ad
1698 435 1803 507 aliquos

419 499 726 570 l⁰¹⁰¹³⁸llll⁰m¹⁴¹ddlllb
1022 514 1069 569 tibi
1085 516 1221 586 sultjeetos
1238 528 1343 574 nostras
1354 520 1459 575 litteras
1473 522 1650 590 destinamus,
1673 532 1700 580 te
1724 541 1804 597 super

221 614 277 680 tte)
301 613 342 666 dd
366 610 540 666 falsariorum
563 609 693 664 malitiam
709 607 903 663 confutandam
913 607 969 675 jam
1019 603 1061 660 eis
1082 604 1325 672 mirari'rescribis,
1342 623 1374 664 ac
1389 609 1411 664 si
1433 607 1621 667 mandaremus
1642 612 1743 685 aliquid
1767 618 1805 670 lu·

186 708 238 761 alia
254 705 314 759 vice
332 701 475 758 recolimus
499 699 663 770 apostolicas
676 697 783 752 litteras
800 697 967 762 destinasse,
1020 694 1172 749 hottcstum.
1194 693 1310 768 ideoque
1324 700 1481 756 mandamus
1495 711 1628 772 quotenus
1648 720 1708 760 cum
1725 706 1758 760 ad
1774 714 1801 760 te

185 797 212 850 iu
240 793 340 864 quibus
363 791 493 845 falsitatis
514 789 619 853 modos,
645 800 678 841 ne
691 786 752 858 quis
776 800 806 841 se
818 793 910 855 posset
920 799 970 853 per
1020 786 1061 842 vel
1076 785 1108 840 ad
1126 795 1185 840 tuos
1199 785 1293 842 littcrae
1306 792 1460 859 apostolice
1473 793 1635 865 diriguntur,
1656 809 1749 851 earum
1764 804 1803 850 tc·

186 885 367 958 ignorantiam
392 895 536 945 excusare,
554 879 727 934 meminimus
751 877 857 948 plenius
875 877 970 933 distin·
1020 890 1113 932 norem
1125 877 1266 949 diligenter
1283 881 1416 946 attendas,
1431 893 1459 938 ct
1473 886 1544 954 quod
1560 887 1704 942 utatrdatttr
1715 884 1743 940 in
1754 885 1804 951 eis,

185 979 268 1032 uisse.
290 974 440 1042 Quietem
460 983 657 1039 nonnunquam
677 969 768 1022 creuit
783 978 813 1022 ιιι
827 967 910 1021 salsas
925 965 969 1020 lit·
1020 965 1083 1020 dum
1115 975 1204 1023 tamen
1227 983 1278 1025 nec
1296 985 1344 1039 per
1367 975 1736 1041 suppressionem{ueritatis
1758 981 1805 1032 aut

186 1078 259 1124 teras
285 1065 457 1130 exhibentes,
482 1070 626 1134 postquam
653 1073 735 1128 super
756 1058 798 1113 lris
812 1057 911 1112 luerint
926 1069 970 1110 re·
1019 1056 1221 1123 expressionem
1248 1058 1372 1114 lalsitatis
1401 1059 1516 1118 obtentae
1533 1062 1652 1133 luerint,
1665 1061 1749 1120 iacias
1763 1062 1805 1121 el·

187 1160 305 1230 (turgidi,
333 1158 367 1212 ad
389 1154 592 1212 excusationem
617 1165 693 1206 suam
706 1150 798 1204 dicant
821 1163 852 1204 sc
875 1145 970 1216 bttjtts·
1021 1145 1103 1201 iectui
1122 1148 1281 1218 mancipari.

187 1251 258 1304 modi
283 1249 388 1303 litteras
410 1260 457 1317 per
474 1243 541 1299 alies
568 1243 743 1311 impetrasse,
768 1238 803 1295 dc
832 1236 968 1292 camurani
1020 1251 1084 1291 tutu
1102 1252 1213 1303 cancro,
1232 1253 1344 1306 nectua,
1363 1257 1398 1297 er
1418 1255 1549 1298 utctsrno
1566 1259 1592 1298 ιι.
1607 1259 1640 1299 nc
1660 1259 1806 1302 censurius

188 1337 304 1392 fratrum
329 1345 483 1391 nostrornm
509 1332 627 1389 consilio
650 1329 776 1386 duximus
795 1327 970 1384 statuendum
1159 1337 1190 1362 ἰ
1250 1341 1378 1382 ctuourco
1396 1343 1586 1384 cluentceust.

187 1428 277 1500 utqui
293 1427 391 1482 litteris
411 1425 513 1482 uostris
534 1424 573 1478 uti
588 1422 733 1486 voluerint,
747 1434 794 1475 cas
814 1418 889 1489 prius
903 1431 969 1474 eta·
1057 1413 1114 1486 (tc)
1144 1414 1259 1470 Causam
1285 1431 1345 1486 quat
1371 1417 1441 1473 iuter
1462 1419 1752 1478 Pramonstratcnsem
1781 1433 1806 1479 et

190 1518 293 1572 minent
306 1515 466 1586 diligenter;
481 1514 609 1584 quoniam
623 1512 646 1568 si
662 1510 738 1566 loisis
750 1509 850 1566 litteris
862 1523 926 1564 usos
940 1521 971 1562 se
1020 1501 1196 1560 l’runiensem
1210 1504 1344 1562 ecclesias
1353 1509 1694 1577 superpossessiooibusde
1705 1513 1807 1584 drrapia

189 1607 307 1664 dixerint
319 1607 492 1676 ignoranter,
508 1619 601 1660 corum
615 1617 678 1659 sera
696 1600 858 1675 poenitentia
869 1596 971 1655 evitare
1020 1599 1135 1653 vertitur
1149 1599 1303 1655 discretioni
1318 1609 1417 1655 restrae
1436 1602 1607 1658 commisisse
1637 1605 1810 1664 meminimus

189 1701 414 1770 „eqquqppoems
428 1697 540 1754 inceptu,
553 1699 706 1754 dammas,
718 1697 774 1753 No,
788 1695 860 1751 ,nim
874 1705 969 1749 omnes
1021 1683 1075 1738 line
1089 1685 1219 1740 canonico
1233 1685 1441 1743 terminandam.
1459 1685 1512 1741 Sed
1527 1689 1588 1758 quia
1604 1688 1630 1743 in
1644 1690 1742 1749 litteris
1756 1694 1809 1751 illis

190 1792 456 1862 [21531102‚qu5p01
476 1805 506 1847 Β(
519 1789 562 1846 ve}
577 1805 626 1861 per
647 1790 715 1845 2110,
731 1789 827 1843 virtum
847 1786 972 1843 [pisturis
987 1776 1260 1847 pauimadrertimus
1280 1774 1365 1832 luisse
1388 1779 1519 1832 insertum
1545 1781 1617 1848 quod
1638 1783 1661 1837 si
1678 1782 1810 1842 alterutra

190 1891 327 1947 exercent,
341 1897 401 1939 cum
420 1882 571 1938 fautoribus
585 1889 614 1937 et
635 1879 824 1937 defensoribus
836 1879 892 1934 suis
907 1892 973 1933 nna·
1022 1865 1139 1936 blidum
1163 1865 1282 1935 Ῑθιιῑῑῑῐιθ
1297 1868 1378 1924 ellim
1404 1869 1574 1938 llidssduliam
1597 1881 1717 1929 *elliam
1735 1876 1810 1936 adite

191 1973 317 2030 thematis
331 1973 446 2030 vinculis
459 1973 632 2030 decrevimus
645 1973 808 2038 innodatos,
822 1977 973 2027 statuentes
1024 1962 1065 2018 tel
1082 1961 1183 2032 indicit)
1209 1977 1305 2033 disere
1333 1969 1535 2032 θῡΰῑθωῐῑθΐθῑι
1563 1979 1612 2022 V0⁸
1633 1967 1811 2029 nihilominus

134 2125 139 2136 .
191 2063 324 2120 utclerici
340 2062 502 2133 quilalsarii
517 2063 619 2120 luerint
634 2060 809 2132 deprehensi,
825 2057 973 2129 pereecle·
1023 2055 1165 2125 prasentia
1190 2053 1275 2124 portis
1293 2054 1467 2124 probationes
1483 2055 1605 2124 recipere
1630 2068 1659 2114 et
1677 2069 1810 2131 qnantum

192 2154 331 2210 siasticum
363 2152 484 2223 judicem
518 2153 658 2225 degradati
694 2151 817 2207 seculari
847 2148 974 2219 potestati
1025 2147 1133 2218 dejure
1147 2150 1266 2220 possetis
1281 2148 1308 2205 in
1333 2162 1423 2204 causac
1447 2148 1599 2221 cognitione
1620 2167 1653 2208 ac
1675 2153 1811 2213 decisione

191 2245 336 2298 tradantur
359 2242 506 2300 secundum
527 2239 737 2297 constitutiones
757 2239 902 2294 canonicae
925 2251 974 2307 pu·
1024 2239 1173 2309 procedere
1206 2238 1316 2295 minime
1342 2240 1510 2305 tardaretis,
1544 2255 1595 2296 nos
1628 2241 1751 2300 tolentes
1780 2255 1811 2300 ut

192 2336 297 2400 niendi,
321 2349 370 2406 per
392 2349 473 2404 quam
497 2343 526 2388 et
543 2333 604 2388 laici
623 2332 669 2402 qui
686 2331 787 2387 luerint
799 2331 833 2386 de
855 2329 974 2384 falsitate
1025 2328 1146 2386 clausula
1160 2329 1220 2396 illa,
1238 2339 1366 2401 quantum
1384 2331 1416 2385 de
1426 2331 1489 2401 iure
1512 2332 1718 2404 poculunque
1734 2343 1811 2392 antc-

192 2417 308 2484 conricti
323 2429 443 2498 legitime
462 2427 618 2497 puniantur.
639 2424 689 2494 Qui
714 2425 844 2480 rcrosub
864 2421 975 2479 nomine
1025 2433 1106 2488 quarn
1133 2420 1167 2476 de
1193 2421 1382 2490 probationum
1413 2420 1570 2491 receptione
1603 2425 1705 2480 mantio
1734 2425 1811 2482 deret

193 2529 288 2576 nostro
301 2519 399 2574 litteris
413 2517 488 2572 lalcis
503 2525 637 2579 utuntur,
651 2515 674 2568 si
689 2513 779 2570 clerici
794 2511 905 2579 luerint,
917 2508 975 2565 odl-
1026 2516 1117 2568 lucrat
1131 2513 1285 2579 inscrenda,
1303 2513 1450 2568 clausulam
1469 2513 1542 2568 illam
1561 2513 1595 2570 de
1620 2516 1811 2586 probationum

193 2608 243 2663 ciis
252 2616 280 2661 et
291 2605 429 2662 bertessciis
443 2604 638 2660 ecclesiasticis
660 2602 826 2672 spoliantem
842 2599 865 2654 si
885 2599 970 2664 laici,
1026 2603 1180 2673 receptione
1203 2602 1354 2671 pracedat,
1378 2603 1534 2660 discretioni
1556 2612 1655 2660 vestre
1677 2622 1727 2678 pcr
1746 2621 1812 2677 apo·

194 2700 287 2754 tandiu
303 2709 428 2753 maneant
448 2695 723 2753 creornrnontcationi
748 2690 863 2762 subjecti
886 2688 975 2743 detrec
1025 2690 1121 2746 stolica
1143 2691 1242 2761 scripta
1268 2692 1427 2746 mandamus
1447 2701 1584 2762 quatenus
1606 2693 1691 2764 ipsam
1714 2697 1811 2753 intelli·

192 2791 364 2846 satisfaciant
386 2796 592 2859 cornpctcutcr;
610 2787 647 2841 ita
669 2796 760 2840 taurea
777 2792 808 2839 ut
822 2783 849 2836 in
872 2781 933 2836 istis
946 2787 975 2835 et
1025 2790 1120 2854 gentes
1135 2781 1245 2848 ibidem,
1261 2783 1287 2836 in
1302 2781 1396 2836 eadam
1416 2795 1497 2838 causa
1511 2783 1588 2853 juxta
1606 2793 1726 2843 tenorem
1741 2789 1813 2846 litte·

194 2883 221 2936 iu
238 2883 290 2936 illis
303 2881 406 2936 malitia
429 2879 538 2951 gravius
552 2893 635 2949 quam
654 2873 820 2945 negligentia
833 2872 973 2942 puniatur.
1028 2888 1118 2928 rarum
1138 2881 1290 2928 nostrarum
1315 2875 1459 2942 procedere
1479 2889 1532 2928 non
1558 2878 1688 2945 tardetis,
1708 2889 1814 2938 attente

194 2973 270 3040 Qrtod
280 2981 310 3027 et
332 2972 365 3026 de
380 2971 424 3026 iris
436 2971 482 3040 qui
498 2969 581 3024 lalsas
596 2970 741 3037 impetrant
758 2964 864 3019 litteras
877 2960 974 3015 statui·
1026 2964 1134 3034 proriso
1149 2971 1178 3018 ut
1194 2965 1216 3019 si
1230 2965 1374 3020 occasione
1386 2965 1515 3022 clausulae
1538 2979 1696 3026 memoratae
1709 2973 1811 3044 aliquid

193 3079 255 3118 rtrns
267 3063 475 3118 observandum.
1027 3057 1179 3111 constiterit
1198 3057 1224 3110 in
1240 3057 1399 3113 alterutrius
1414 3059 1499 3126 partis
1519 3058 1705 3129 praeiudicium
1721 3074 1811 3122 atten-

472 3149 621 3208 'llTllLllS
633 3148 691 3206 XV.
990 3125 1013 3188 G
1030 3154 1125 3214 tatum,
1141 3146 1167 3203 id
1183 3146 1285 3203 viribus
1305 3147 1475 3204 decrevimus
1489 3149 1651 3207 cariturum.

291 3245 330 3298 be
339 3246 469 3315 »armigatis
481 3256 504 3297 et
515 3260 604 3296 certent
617 3242 887 3313 interpretationibus.
1232 3254 1296 3295 tuere
1315 3255 1451 3295 ctuuteust
1470 3256 1607 3298 misceto.

195 3350 259 3389 rnen
276 3350 413 3389 cerintus
432 3348 643 3389 nncutsetscoets
660 3348 695 3387 ar
716 3346 978 3387 ertscortscrotus
1064 3328 1120 3401 (ll)
1140 3328 1206 3385 Cum
1230 3330 1266 3385 ll.
1290 3330 1471 3389 ferrariensis
1500 3333 1666 3401 canonicus,
1696 3346 1749 3393 etc.
1780 3340 1814 3395 tto

407 3414 594 3481 'sectesuauu
608 3439 756 3481 restores.
1029 3421 1100 3489 intro
1118 3440 1127 3478 :
1143 3423 1210 3478 Cum
1225 3425 1251 3479 in
1266 3426 1457 3482 constitutione
1476 3429 1602 3497 predicta
1621 3438 1648 3483 ct
1668 3428 1815 3485 condrino·

230 3516 290 3589 (ll)
311 3516 350 3571 lle
378 3516 556 3586 promotionis
580 3524 680 3569 nostrae
707 3514 841 3584 primitias
865 3512 979 3569 Donum
1031 3514 1102 3570 tione
1117 3517 1188 3570 sedis
1207 3516 1360 3586 apostolica·
1379 3519 1420 3573 rel
1441 3517 1522 3573 lirerit
1540 3519 1583 3574 vel
1601 3533 1661 3575 esse
1677 3519 1813 3587 debuerit,

195 3622 373 3678 negaremus,
400 3605 446 3674 qui
471 3605 497 3658 ci
522 3605 648 3658 universa
678 3616 762 3673 opera
794 3611 886 3656 nostra
913 3615 978 3655 con·
1030 3604 1556 3679 sicutconsuerit,expressum,tritiiu
1571 3618 1672 3665 tutatum
1687 3626 1815 3666 carracce-

194 3714 303 3754 sccrare
323 3706 456 3758 leuentur,
479 3694 570 3749 statim
594 3704 656 3763 post
676 3694 834 3748 electionem
858 3700 979 3746 nostram
1030 3706 1086 3748 rent
1104 3696 1227 3753 Ecclesiae
1249 3700 1388 3768 facultates
1403 3703 1472 3773 quod
1489 3701 1606 3769 pluribus
1623 3702 1722 3773 pertint
1744 3702 1815 3772 cupi-

197 3800 249 3843 tam
268 3804 416 3859 pauperum
437 3799 517 3855 quarn
535 3786 649 3840 aliorum
664 3784 735 3854 apud
752 3784 843 3837 sedem
866 3791 975 3851 aposto·
1030 3801 1088 3841 cere
1101 3801 1281 3858 cornpetenter,
1298 3804 1324 3848 et
1343 3809 1402 3848 cum
1422 3794 1492 3848 idem
1512 3793 1636 3848 canonici
1654 3793 1680 3849 itt
1700 3793 1815 3863 deroga-

196 3883 273 3935 licam
287 3878 461 3935 existentium
484 3875 663 3948 petitionibus
687 3874 827 3929 intendere
846 3874 979 3943 coepintus
1032 3874 1131 3932 tionem
1152 3894 1207 3933 suae
1223 3884 1423 3938 constitutionis
1441 3884 1474 3938 ad
1495 3892 1638 3937 vacaturas
1656 3882 1816 3952 praebendas

195 3982 223 4030 ct
238 3988 330 4028 corum
346 3971 452 4041 negotia
465 3982 644 4041 promerere3
660 3965 728 4021 nesi
751 3966 807 4021 otio
820 3974 894 4020 tauto
913 3972 979 4019 tem·
1031 3976 1147 4037 quatuor
1169 3975 1321 4044 receperint
1347 3975 1416 4029 ultra
1444 3988 1586 4029 numerum
1616 3973 1815 4038 constitutum,

195 4082 260 4137 pore
273 4061 441 4132 vacaremus,
459 4077 557 4133 corpus
571 4071 599 4116 et
613 4062 719 4115 anituus
732 4073 764 4114 et
777 4058 913 4113 otiositate
927 4065 982 4112 tor·
1031 4059 1149 4127 antiquis
1164 4064 1302 4120 cauorricis
1323 4066 1481 4135 praebendas
1501 4080 1562 4121 cunt
1582 4064 1737 4135 integritate
1755 4078 1817 4134 per·

197 4168 302 4228 pereat.
323 4157 422 4212 Verum
437 4155 565 4225 quoniam
585 4151 725 4207 insolitum
738 4150 789 4204 luit
806 4150 936 4205 ltactcnus
952 4157 982 4203 ut
1032 4148 1194 4217 cipientibus
1217 4164 1371 4223 corrsuetas,
1396 4163 1669 4225 superexcrescentes
1694 4152 1817 4209 redditus

196 4246 248 4302 sub
260 4246 370 4300 dimidia
384 4244 456 4300 bulla
474 4245 507 4299 ad
530 4253 568 4299 tot
583 4253 676 4298 ettam
690 4249 809 4298 remotas
829 4238 982 4308 provincias
1034 4240 1169 4306 praedietis
1186 4246 1324 4301 certatricis
1339 4247 1518 4317 appellatione
1533 4252 1637 4300 remota
1652 4244 1737 4299 iacias
1749 4242 1819 4299 assi-

196 4338 293 4393 litterae
309 4337 461 4407 apostolicae
472 4336 687 4399 rnittcrentur,et
700 4348 733 4387 ex
747 4333 799 4387 boc
811 4331 907 4385 litterae
920 4329 983 4397 ipsae
1032 4334 1130 4400 gnari;
1146 4337 1182 4389 ita
1198 4345 1288 4391 tomen
1299 4341 1369 4408 quod
1384 4340 1407 4394 si
1422 4354 1455 4393 ert
1473 4339 1513 4393 eis
1527 4352 1606 4409 pares
1620 4352 1682 4392 cum
1696 4336 1757 4391 aliis
1771 4348 1819 4405 pe-

197 4428 299 4482 diutius
319 4440 401 4495 quam
415 4424 545 4479 vellemus
565 4432 677 4493 possent
694 4438 728 4477 cx
743 4421 857 4491 alicujus
876 4420 982 4475 dubita·
997 4455 1021 4514 B
1035 4425 1136 4479 tuerint
1159 4428 1249 4483 sortiri
1275 4431 1449 4499 protendas,
1479 4430 1551 4500 quod
1574 4444 1656 4501 super
1681 4427 1762 4484 luerit
1790 4428 1818 4483 ln

200 4518 272 4571 ῑίιιιιι
292 4515 432 4585 suspendi.
445 4524 475 4568 ιιι
492 4528 607 4583 ‘tuorum
625 4515 737 4567 interest
751 4526 894 4581 parcamus
908 4511 982 4566 lubo-
1033 4530 1191 4574 contutunes
1209 4522 1398 4577 canttnieorum
1417 4538 1491 4587 usus,
1509 4522 1565 4577 sire
1584 4531 1612 4575 ut
1623 4520 1700 4590 prius
1713 4528 1818 4575 statue-

198 4608 274 4661 ribus
287 4614 315 4660 et
329 4605 466 4675 expensis,
487 4604 628 4657 universos
643 4602 816 4670 litterasque
828 4601 981 4656 theletlio·
1032 4615 1104 4671 rant,
1120 4608 1177 4662 sive
1189 4607 1268 4661 aliter
1281 4619 1361 4677 prout
1375 4609 1472 4665 melius
1482 4611 1618 4666 videbitur
1631 4616 1816 4672 convertatur,

197 4698 241 4754 nis
266 4708 368 4753 nostrae
388 4696 432 4751 die
452 4710 536 4765 arsque
559 4694 593 4749 ab
615 4692 811 4748 solemnitatem
839 4706 982 4747 eonsecra-
1032 4697 1165 4751 revocatis
1178 4699 1203 4752 iu
1221 4699 1328 4752 irritum
1341 4700 1468 4755 outrribus
1481 4713 1648 4770 quaecunque
1667 4698 1701 4752 ab
1716 4676 1832 4751 alteru-‘¹

199 4790 279 4845 tionis
303 4789 354 4843 sub
375 4787 447 4841 bulla
469 4784 577 4841 diutidia
595 4792 774 4849 emanarunt,
798 4798 892 4855 parom
919 4798 981 4839 cum
1033 4796 1074 4840 tra
1093 4787 1209 4856 partiunt
1235 4789 1262 4842 in
1286 4789 1470 4857 praejudicium
1494 4790 1607 4845 alterius
1629 4796 1690 4859 post
1714 4798 1815 4842 motam

196 4881 250 4938 illis
271 4880 426 4935 firmitatem
450 4875 574 4933 obtinere
599 4876 772 4930 decernimus
792 4889 852 4945 quaa
867 4875 894 4929 io
909 4874 981 4929 bulla
1032 4880 1205 4947 quaestionem
1222 4893 1313 4935 coram
1331 4880 1455 4951 episcopo
1476 4880 1644 4936 Ferraricnsi
1663 4880 1734 4933 circa
1748 4893 1817 4947 prte-

196 4972 300 5042 lntegra
318 4972 480 5040 diriguntur.
1032 4968 1135 5023 locridas
1150 4968 1189 5023 rel
1203 4970 1386 5039 possessiones
1398 4970 1499 5025 luerint
1512 4970 1650 5024 innotata.

336 5075 400 5115 totu
416 5071 609 5114 usntouetusr
622 5070 836 5114 encourtscoro.
1302 5058 1451 5117 'llTUbUS
1477 5060 1545 5117 titt.

233 5150 289 5223 (tet
306 5150 374 5207 Cum
389 5150 458 5207 adeo
472 5150 574 5221 scripta
592 5149 664 5205 sedis
685 5148 841 5220 apostolieae
858 5147 981 5202 arrodere·
1273 5150 1313 5207 tte
1332 5152 1569 5208 abrenuntiatione.

128 5224 133 5234 ¹
198 5258 259 5298 ntur
271 5253 301 5297 ut
314 5258 348 5297 ex
359 5252 434 5297 certa
449 5240 562 5298 scientia
572 5238 639 5295 niltil
651 5238 678 5293 in
689 5239 729 5295 eis
742 5238 872 5293 iaciamus
884 5236 981 5308 apponi
1138 5257 1203 5297 tneu
1218 5258 1352 5299 sumasne
1367 5258 1529 5301 tueusrrusr
1548 5256 1708 5299 raurostro.

198 5332 269 5402 quod
284 5331 389 5403 dejttre
403 5332 500 5386 debeat
523 5330 698 5400 reprebendi,
712 5329 843 5383 miramur
856 5342 909 5383 ιιιιιι
924 5343 981 5383 tno-
1067 5330 1123 5403 (tet
1138 5332 1177 5389 Ex
1199 5350 1247 5391 ore
1267 5336 1386 5392 sedentis
1411 5338 1438 5391 iu
1464 5336 1571 5401 throno,
1591 5343 1645 5390 etc.
1668 5334 1701 5387 lt't
1719 5333 1815 5404 inira:

233 5508 289 5578 (lb)
301 5507 367 5577 Cap.
380 5508 612 5579 dilelectionem,
625 5510 662 5565 lle
676 5507 780 5576 laisan,
795 5510 821 5563 in
832 5510 908 5563 tertia
923 5508 982 5565 Col·
1067 5511 1123 5609 (ἐξ)
1142 5510 1201 5594 Lib.
1217 5526 1236 5575 t,
1251 5512 1330 5595 epist.
1347 5511 1390 5569 st.

198 5577 288 5717 Ιθο(ιιι)
305 5648 362 5731 Lib.
378 5667 400 5714 t,
413 5650 492 5732 epist.
508 5650 552 5705 83.
1067 5583 1123 5721 lddl
1135 5580 1199 5705 'iffi
1209 5598 1237 5716 1¹:
1243 5583 1396 5733 οἳιριξιιιὸιιῗι
1408 5683 1441 5695 -
1453 5652 1518 5724 Gap.
1528 5667 1560 5707 ec
1573 5667 1639 5719 ore,
1654 5649 1690 5705 lle
1704 5649 1745 5709 bls
1756 5665 1815 5720 quat

232 5717 296 5803 (illl
307 5718 366 5775 lob.
384 5737 404 5789 t,
417 5729 497 5790 epist.
511 5719 573 5779 ete.
1033 5721 1060 5775 d.
1073 5738 1087 5777 a
1102 5736 1164 5791 ιιιι).
1179 5736 1237 5791 par.
1255 5721 1373 5809 capttult.
