4109 6325
124 351 176 411 dbll

608 346 856 406 ront'tttcsttts
876 345 969 403 ΑΝΝΟ
993 348 1053 417 xt,
1072 350 1211 409 ctttttstt
1232 352 1311 410 tals.

125 465 186 523 tatis
202 478 251 521 eos
265 473 313 520 ant
326 462 388 519 illos
405 463 451 529 qui
473 477 552 519 suurn
568 462 635 532 ipsis
650 463 749 517 iatnitu
772 464 917 519 charitatis
933 470 953 524 tt
969 465 1176 535 exceptionibus
1205 466 1310 524 lrirolis
1334 468 1361 523 in
1374 466 1497 538 eitrsdem
1521 467 1670 525 elusionem
1688 485 1766 525 tuan·

122 558 306 629 impenderint
318 554 480 612 beneltcium
496 555 522 609 iu
544 554 643 611 restris
655 554 822 611 dioecesibus
854 571 919 611 con-

122 653 233 707 stitutos
262 644 343 718 lrtrjus
362 645 515 704 occasionis
531 655 663 715 praetextu
682 661 698 702 a
720 661 858 717 garomnam
883 654 920 701 te-

123 758 198 797 mere
215 740 365 805 molestari,
379 738 595 795 contradictores
604 752 719 795 ccrtsura
729 737 918 795 ecclesiastica

123 832 306 905 appellatione
321 830 472 903 postposita
488 832 697 902 compescendo.
714 830 791 899 Quod
822 830 845 887 si
864 845 918 886 non

123 936 301 994 ornrtes,etc.,
311 924 410 999 singuli
423 934 546 982 vestrum
556 925 583 981 in
596 926 709 983 dioecesi
719 941 808 984 suaea
819 924 919 983 nibilo-

123 1020 213 1075 minus
229 1029 424 1089 exsequantur.

159 1112 257 1167 battnn
270 1110 416 1181 Laterani,
429 1129 448 1169 n
463 1110 524 1167 ttat.
542 1109 628 1177 lunii,
642 1109 817 1181 pontificatus
832 1120 918 1167 nostrt

124 1220 196 1263 aratro
209 1205 432 1277 decimoquinto.

481 1292 561 1351 XCV.

124 1404 218 1446 sanem
236 1405 348 1445 ntnrnu
359 1402 544 1445 canumet-:asts
557 1384 841 1461 [leg.csutcousn.(sr
858 1402 921 1442 sarr-

160 1494 218 1536 orss
230 1493 321 1533 nanta
332 1493 494 1535 ausonensis
506 1492 665 1544 sosarmus,
677 1493 712 1533 aa
722 1492 759 1533 n.
776 1491 879 1533 nscsuo
895 1490 922 1531 m

160 1585 334 1627 remensum.
352 1583 531 1625 nansouunsrs
543 1584 579 1624 ur
593 1582 754 1625 uscanensis
765 1582 922 1625 bimensus.

282 1663 322 1717 De
334 1662 445 1717 aecimis
464 1660 609 1715 tribuendis
625 1660 761 1730 (sospitati.

317 1754 471 1821 (Laterani,
488 1768 515 1809 tv
529 1752 589 1809 liat.
606 1750 704 1825 lunii.)

971 554 1038 610 dati.
1062 556 1134 612 Sane
1170 572 1232 614 cnm
1263 558 1424 629 prodileeto
1447 558 1503 614 litio
1524 560 1657 631 satagistro
1684 559 1766 617 bde

972 646 1063 703 l'eteri
1089 648 1215 715 Morotio,
1229 649 1276 719 qtri
1302 650 1348 704 diu
1375 650 1546 707 cancellarie
1574 661 1676 708 nostrae
1702 665 1765 708 ser·

971 734 1039 790 uitio
1078 733 1252 793 laudabiliter
1290 737 1437 807 irrsudstit,
1464 747 1493 796 et
1525 738 1661 797 laborauit
1694 724 1766 798 ntul-

971 824 1053 880 toties
1086 839 1136 896 pro
1166 827 1296 883 Ecclesiae
1325 836 1422 883 restrae
1455 831 1571 902 negotiis
1601 846 1765 903 promouen-

970 918 1030 983 dis,
1048 918 1126 974 uobis
1147 918 1327 975 direxerimus
1343 919 1445 989 scripta
1464 931 1574 988 nostra,
1593 931 1624 978 ut
1636 925 1673 979 ob
1687 940 1766 980 rere·

971 1006 1088 1061 rentiam
1113 1007 1268 1075 apostolicae
1282 1010 1355 1064 sedis
1368 1018 1396 1065 et
1415 1019 1537 1065 nostram
1566 1014 1653 1084 ipsam
1676 1014 1703 1069 in
1717 1031 1765 1071 ca·

970 1098 1098 1153 nordeum
1135 1099 1293 1169 reciperetis
1319 1111 1346 1157 et
1376 1101 1500 1171 tratrem,
1522 1103 1573 1161 sibi
1603 1106 1714 1163 stallum
1734 1107 1764 1163 iu

970 1193 1056 1248 clroro
1068 1200 1096 1248 et
1108 1192 1198 1249 locum
1210 1195 1238 1250 in
1253 1195 1373 1265 capitulo
1387 1197 1570 1269 assignantes,
1588 1213 1637 1255 uos
1652 1202 1766 1255 manda·

972 1292 1028 1339 tum
1041 1295 1166 1340 nostrum
1179 1286 1270 1342 surdis
1278 1288 1390 1343 auribus
1402 1298 1586 1355 transeuntes,
1593 1290 1664 1345 sicat
1673 1290 1764 1347 dilecti

971 1372 1019 1428 ntit
1046 1376 1120 1444 prior
1142 1374 1395 1435 Grandimoutensis
1409 1389 1437 1435 et
1452 1379 1485 1437 G.
1511 1382 1720 1438 arcltidiaconns
1736 1391 1766 1438 et

971 1460 1001 1517 S.
1012 1460 1517 1534 baurtcttcanonicustenortcenses,
1526 1470 1767 1540 qttoscidcmcou·

971 1556 1103 1612 cessimus
1119 1559 1280 1624 tuonitores,
1295 1572 1344 1629 per
1363 1576 1427 1617 suas
1448 1561 1526 1618 nobis
1538 1562 1645 1619 litteras
1656 1564 1766 1619 intima·

970 1656 1045 1714 runt,
1056 1664 1210 1720 quanquam
1226 1665 1273 1707 tos
1289 1653 1608 1725 ntorruerintdtligenter,
1616 1657 1643 1711 id
1656 1654 1765 1711 allicere

971 1753 1026 1793 nnn
1039 1742 1169 1808 curastis,
1185 1755 1236 1813 per
1250 1751 1357 1798 vestras
1382 1743 1488 1799 litteras
1509 1744 1659 1816 allegantes
1676 1745 1766 1801 teuni-

158 1848 200 1905 Μ
211 1856 333 1905 „offlam
346 1846 477 1903 nomm,
493 1846 661 1905 pupienum
676 1844 835 1917 peffengssg
847 1846 919 1916 qugd
935 1828 956 1883 B
972 1838 1055 1885 tatem
1086 1832 1239 1888 reddituum
1259 1844 1288 1889 et
1313 1834 1667 1903 cartonicoruntnumernm
1688 1850 1765 1891 corn-

122 1940 246 1998 B.rniles
269 1938 388 1995 decimas
413 1938 558 2009 garamam,
580 1954 648 2009 quas
667 1939 855 2010 progenitores
887 1954 919 1995 ac

124 2034 184 2104 ipse
199 2032 484 2089 hactenusababbate
511 2028 603 2087 Sancti
623 2029 734 2087 Genesii
756 2038 918 2097 tenuerunt,

122 2121 252 2194 bospitali
266 2122 339 2193 quod
361 2122 395 2178 ad
420 2124 646 2179 sustentationem
663 2123 832 2179 inssrtnoruut
852 2138 920 2195 pun·

123 2229 219 2284 pcrum
235 2212 373 2269 adificare
395 2212 537 2284 proposuit
561 2213 698 2271 desiderat
714 2213 869 2283 assignare,
895 2211 919 2268 si

123 2315 224 2360 nostrae
238 2302 338 2359 sederit
351 2302 519 2375 beneplacito
541 2302 701 2360 voluntatis.
726 2304 860 2371 Quocirca
879 2301 921 2357 di·

122 2394 253 2450 scretioni
267 2404 365 2449 vestrae
390 2409 439 2465 per
457 2393 605 2465 apostolica
636 2394 737 2464 scripta
759 2395 919 2449 rnarrdamus

122 2494 258 2555 qnatenus
281 2484 384 2540 dictum
406 2482 531 2549 militent,
548 2494 577 2537 ut
598 2484 718 2539 decimas
740 2482 812 2554 ipsas
833 2482 921 2539 eccle·

123 2578 173 2634 siis
186 2578 240 2635 illis
261 2578 294 2634 ad
310 2592 379 2649 quas
392 2585 541 2633 irascuntur
555 2576 693 2646 pertinere
713 2576 842 2646 resignet,
859 2591 919 2631 rso·

123 2669 212 2726 arentis
240 2672 391 2741 prudenter
417 2676 445 2724 et
464 2666 612 2725 efficaciter
642 2668 793 2736 inducatis,
810 2666 919 2738 quodsi

123 2760 158 2813 arl
172 2760 197 2814 id
211 2758 301 2815 induci
317 2774 371 2814 non
388 2757 499 2829 poterit,
516 2756 657 2813 etabbatis
670 2758 792 2829 praedicti
815 2768 842 2813 et
853 2760 918 2815 dise·

122 2866 202 2909 cesan
224 2850 434 2924 episcopisuper
448 2850 501 2907 ltoc
512 2865 655 2908 assensum
668 2852 921 2922 qttiveritobtincre

123 2952 154 2996 ut
164 2958 211 2999 eas
225 2945 347 3000 conterat
361 2943 487 3014 hospitali
504 2944 629 3017 praelato,
645 2946 812 3000 auctoritate
826 2956 919 2999 nostra

123 3034 279 3089 contundatis
293 3034 383 3089 eidem
405 3033 519 3089 liberam
540 3032 708 3090 laenitatem.
725 3034 803 3101 Quod
826 3035 847 3089 si
866 3051 918 3088 nrm

126 3142 233 3192 srrrrnes,
243 3138 308 3193 etc„
318 3128 372 3184 duo
390 3140 509 3184 vestrum
521 3143 566 3192 ea,
577 3135 632 3184 etc.

160 3218 256 3273 llntutn
274 3217 414 3287 Laterani,
427 3234 452 3273 tt
466 3217 560 3274 llnlen.
576 3215 663 3286 lunii,
675 3216 852 3293 pontillcatns
871 3168 957 3274 no-c

123 3313 172 3364 stri
189 3324 260 3366 anm
274 3311 381 3368 decimo
394 3309 501 3382 quinto.

470 3401 561 3459 XCVl.

121 3504 251 3548 ounsnoo
265 3507 299 3550 nu
316 3509 391 3560 osca,
402 3509 438 3550 cr
453 3509 577 3550 nuutnuo
591 3509 625 3550 us
648 3508 756 3558 narseo,
769 3508 920 3550 coruncano

158 3596 255 3639 sancrt
286 3599 422 3653 artromut,
445 3599 485 3640 to.
510 3597 743 3652 nauseamentis
772 3598 798 3637 s.
826 3597 920 3638 arres-

158 3687 250 3740 asnst,
268 3689 730 3733 sr‘tnttsrsnrsmsuscttrsotrcts.

197 3765 370 3838 decipiantur
380 3765 427 3822 snb
437 3767 596 3834 protectione
608 3765 846 3835 sedisapostolicae.

308 3847 313 3856 ⁸
332 3857 483 3932 (Laterani,
500 3875 525 3914 tt
537 3859 596 3914 ttat.
612 3857 709 3932 lunii.)

159 3937 255 4008 Cuma
277 3953 355 4007 nobis
369 3951 485 4020 petitur,
504 3960 573 4017 eta,
587 3965 669 4020 usque
693 3950 857 4020 perducatur
878 3948 918 4005 cl·

124 4045 237 4101 lectum,
267 4043 430 4114 Eapropter,
446 4041 537 4098 dilecti
566 4043 593 4098 iu
611 4042 726 4098 bernuino
750 4040 808 4106 lilii,
822 4042 918 4098 nestris

122 4137 202 4207 iustis
215 4134 451 4208 postulationibus,
463 4143 516 4190 etc,
530 4175 539 4202 ,
551 4150 634 4206 usque
649 4147 773 4198 assensu,
789 4147 918 4203 personas

126 4236 228 4282 rostras
243 4233 271 4281 ct
289 4221 447 4295 specialium
462 4223 612 4280 arnieorum
642 4232 793 4278 nestrorum
819 4221 917 4278 iulide

127 4315 262 4372 catbolica
277 4326 305 4371 et
317 4318 361 4388 pia
375 4321 535 4388 operatione
548 4321 690 4370 manentes
703 4329 735 4370 ac
760 4327 804 4368 res
822 4327 916 4368 eorum

125 4409 175 4462 sub
190 4409 262 4464 beati
278 4409 351 4464 Petri
366 4417 394 4466 et
412 4416 506 4464 nostra
522 4407 691 4479 protectione
714 4406 876 4475 suscipimus
889 4416 917 4460 et

971 1929 1107 1989 petentem
1122 1932 1149 1975 et
1163 1922 1198 1977 de
1212 1925 1341 1978 utartdato
1365 1934 1459 1979 nostro
1476 1926 1609 1993 quosdam
1622 1926 1690 1981 alios
1700 1940 1764 1981 sus-

971 2013 1077 2081 cepisse
1112 2027 1146 2067 ac
1170 2014 1396 2084 praenominatum
1420 2017 1578 2087 magistrum
1602 2018 1630 2073 in
1650 2017 1763 2073 dioecesi

970 2113 1063 2158 restra
1076 2105 1196 2160 redditus
1216 2106 1285 2162 alios
1305 2107 1438 2174 obtinere,
1455 2108 1629 2180 proponendo
1643 2110 1714 2180 guod
1727 2110 1763 2165 ad

971 2195 1156 2265 recipiendum
1184 2198 1309 2253 eumdem
1326 2213 1373 2255 ros
1393 2199 1548 2255 nullatenus
1565 2199 1764 2271 cogerentussi

971 2286 1030 2342 baec
1045 2287 1079 2341 ad
1100 2298 1223 2343 nostram
1248 2288 1373 2346 notitiam
1400 2292 1597 2361 pervenissent,
1615 2292 1681 2349 licet
1704 2307 1764 2349 ruo·

971 2378 1078 2433 nitores
1103 2378 1208 2449 praelati
1237 2380 1271 2435 de
1294 2380 1413 2450 plurium
1442 2381 1594 2438 assertione
1616 2382 1765 2441 didicerint

970 2470 1042 2537 quod
1056 2472 1083 2524 in
1097 2469 1220 2527 Ecclesia
1236 2481 1328 2527 restra
1338 2473 1533 2529 canonicorum
1555 2488 1686 2533 numanus
1706 2490 1762 2533 ntra

970 2571 1135 2629 excesserat,
1143 2564 1208 2633 quin
1219 2564 1385 2635 potiusaltos
1393 2567 1594 2636 proposueratis
1605 2567 1764 2637 reciperein

971 2654 1118 2710 santonicos
1131 2663 1161 2710 et
1175 2656 1202 2710 in
1214 2656 1323 2722 iratres,
1339 2664 1367 2711 et
1377 2655 1506 2726 praelatus
1525 2657 1655 2729 magister
1670 2656 1763 2713 reddi·

971 2752 1016 2799 tus
1041 2742 1207 2802 sufficientes
1224 2762 1281 2802 aon
1303 2744 1419 2819 babeat,
1439 2756 1468 2803 et
1491 2746 1576 2817 ipsius
1602 2748 1763 2817 obsequium

969 2833 1094 2892 ecclesiae
1107 2846 1204 2893 vestra
1213 2838 1300 2908 possit
1312 2838 1431 2895 existere
1442 2839 1621 2895 fructuosum.
1632 2836 1764 2895 Nolerrtes

970 2926 1763 2999 igiturerceptionibusfrivolismandatumuostruuteludi,

971 3021 1141 3075 ttttiuersitati
1160 3029 1258 3076 vestre
1280 3037 1328 3091 per
1352 3022 1502 3091 apostolica
1524 3023 1625 3091 scripta
1648 3021 1763 3079 manda·

972 3120 1124 3182 sumatque
1139 3110 1312 3184 precipimus
1325 3114 1589 3183 quatenuseumdetn
1600 3114 1762 3184 magistratu

971 3203 1046 3274 (urta
1061 3211 1182 3261 ruaudott
1202 3207 1292 3261 nostri
1317 3215 1440 3262 tenorem
1456 3206 1484 3260 in
1502 3205 1615 3262 fratrem
1633 3214 1759 3264 etcano·

972 3299 1064 3353 uicum
1085 3298 1214 3354 Ecclesiae
1231 3307 1330 3355 uestra
1347 3299 1496 3355 litteraliter
1512 3298 1673 3354 admittatis.
1684 3296 1762 3353 ttio-

971 3390 1047 3461 qnin,
1065 3405 1128 3446 cum
1154 3391 1252 3462 sagitta
1280 3390 1406 3447 lonatboe
1424 3406 1479 3448 non
1502 3390 1601 3446 debeat
1614 3388 1706 3444 redire
1719 3403 1763 3444 re·

973 3490 1102 3550 trorsnm,
1118 3485 1165 3538 sed
1189 3483 1271 3554 dirigi
1293 3485 1385 3552 potius
1401 3483 1428 3536 in
1444 3483 1591 3547 directum,
1613 3477 1762 3536 venerabili

971 3574 1050 3631 iratri
1073 3584 1167 3632 nostro
1178 3577 1307 3646 episcopo
1320 3586 1348 3630 et
1365 3574 1472 3630 dilectis
1487 3574 1584 3629 tiliis...
1594 3574 1763 3630 subdiacono

970 3678 1075 3733 nostro,
1100 3668 1293 3723 archidiacono
1312 3666 1498 3721 Xatrctonousi
1522 3674 1550 3720 et
1569 3665 1652 3736 priori
1667 3664 1761 3720 Snlbi·

970 3762 1053 3818 sieusi
1065 3758 1267 3815 xanctonensis
1291 3757 1421 3814 dioecesis
1438 3759 1534 3814 damus
1546 3756 1648 3812 trostris
1663 3756 1763 3812 litteris

971 3853 997 3908 in
1013 3851 1157 3922 praeceptis
1183 3859 1213 3905 ut
1236 3863 1285 3906 ros
1308 3851 1342 3906 ad
1361 3850 1399 3918 id,
1411 3849 1463 3905 nisi
1475 3847 1584 3918 aliquod
1599 3847 1762 3904 rationabile

969 3934 1106 4012 obiectum
1119 3939 1203 3995 luerit
1218 3950 1247 3994 et
1266 3949 1406 3996 ostensum
1420 3953 1505 4009 qttare
1523 3937 1551 3992 id
1562 3939 1623 3994 lieri
1645 3953 1700 3993 son
1712 3939 1761 3993 de·

968 4031 1032 4088 bont
1055 4032 1100 4086 rel
1122 4044 1175 4085 non
1191 4029 1287 4102 possit,
1304 4043 1353 4100 per
1376 4042 1521 4084 censuram
1545 4028 1761 4085 ecclesiasticam

968 4122 1150 4195 appellatione
1165 4130 1270 4176 rernota
1284 4120 1458 4189 cornpetiant.

1005 4215 1102 4270 batum
1125 4212 1264 4280 Laterani,
1276 4227 1314 4268 un
1340 4209 1398 4266 llal.
1417 4210 1501 4275 dutrii,
1515 4213 1688 4282 pontillcattts
1711 4229 1761 4270 uo-

968 4308 1019 4364 stri
1033 4322 1105 4363 antro
1118 4307 1224 4363 decinto
1241 4307 1349 4377 qrtittto.

1005 4401 1040 4457 ln
1055 4403 1175 4458 eunrdem
1194 4401 1250 4472 (ere
1270 4399 1377 4454 modum
1400 4400 1528 4472 scriptum
1551 4411 1589 4456 eat
1613 4416 1693 4470 saper
1710 4399 1761 4456 (too

125 4500 266 4571 prasentts
299 4499 394 4570 scripti
421 4497 575 4572 patrocinio
601 4499 813 4555 communimus·
844 4497 915 4554 Nulli
931 4495 1102 4564 partem·

125 4607 200 4660 ergo,
216 4604 283 4659 ete,
297 4589 486 4664 protectionis,
502 4600 569 4655 eta,
581 4605 664 4657 argue
677 4589 861 4646 incursurum.

162 4685 258 4739 batum
273 4682 412 4752 Laterani,
432 4699 459 4739 ur
485 4681 546 4739 ilai.
567 4681 650 4749 iunii,
670 4681 845 4753 pontificatus
868 4697 916 4737 no-

125 4774 174 4828 stri
186 4787 257 4829 anno
268 4773 373 4832 denno
390 4773 494 4844 quinto.

471 4865 572 4922 xdttt.

231 4975 357 5016 serscono
369 4975 403 5014 sn
427 4971 562 5016 cautruuo
573 4971 809 5013 raratcontcsnst.

162 5048 196 5104 [it
211 5050 239 5106 d.
253 5053 286 5107 tle
307 5049 392 5106 Veteri
405 5049 519 5106 llorolio
529 5052 558 5104 iu
572 5051 727 5104 santonicum
743 5047 880 5120 recipiant.

333 5141 482 5214 (Laterani,
497 5155 533 5196 ru
548 5139 607 5196 Kal.
618 5137 714 5210 lunii.)

161 5234 190 5291 Si
212 5235 438 5307 circumspectius
456 5235 591 5291 curaretis
616 5235 759 5290 advertere
786 5242 915 5292 duantum

124 5329 161 5385 sit
176 5329 337 5384 obedientiae
346 5330 458 5394 bonum,
472 5339 635 5400 quantumve
650 5328 735 5399 ipsius
749 5329 915 5385 eontrarium

124 5421 325 5490 detestandum,
335 5429 428 5494 utpute
439 5421 598 5478 idototaniae
608 5421 703 5479 sceleri
717 5431 914 5494 comparatum,

124 5512 284 5569 mandatum
308 5521 431 5569 nostrum
455 5509 569 5569 lorsitan
586 5512 668 5568 citius
692 5513 838 5570 studeretis
849 5513 916 5570 elie·

124 5603 179 5658 ctui
192 5605 360 5674 rrratrcipare,
372 5615 403 5661 ut
413 5614 497 5662 eruto
512 5605 597 5662 reteri
613 5606 735 5673 bomine,
750 5622 797 5662 ros
807 5605 834 5662 in
847 5604 917 5664 illius

125 5694 357 5752 transformaretis
383 5698 528 5768 imaginem
555 5699 601 5767 qui
625 5715 710 5770 usqne
736 5699 771 5756 ad
799 5710 915 5756 mortem

126 5783 215 5842 tinctus
232 5797 277 5844 est
289 5788 419 5846 obediens
432 5788 487 5847 boo
502 5787 587 5860 Patri,
612 5805 663 5846 nec
687 5805 732 5850 tos
747 5792 916 5850 excusaretis

1308 4587 1371 4644 xct
1379 4587 1424 4646 ΙΙΙ.

1040 4699 1153 4739 sunnon.
1175 4697 1269 4738 socors
1285 4695 1319 4736 oe
1336 4696 1420 4738 neoto
1433 4697 1469 4738 ur
1484 4695 1512 4738 c.
1529 4693 1601 4736 eruto
1616 4694 1687 4736 stus.

1147 4771 1288 4844 Prolertur
1310 4772 1442 4828 sententia
1461 4787 1510 4842 pro
1529 4771 1577 4826 sia.

1171 4864 1319 4937 (Laterani,
1340 4878 1368 4918 tt
1392 4863 1451 4919 lial.
1472 4861 1568 4935 lunii.)

1003 4959 1071 5016 Cum
1086 4959 1157 5014 inter
1168 4971 1216 5013 vos
1230 4965 1258 5012 et
1275 4955 1380 5012 nobiles
1393 4955 1466 5012 riros
1486 4953 1640 5025 Pbilippum
1654 4962 1683 5010 et
1696 4951 1759 5009 Jor-

969 5053 1069 5109 dannm
1094 5050 1229 5107 delnsnla
1248 5048 1434 5106 controuersia
1458 5057 1612 5106 verteretur
1629 5060 1759 5118 supereo

969 5146 1041 5215 qnod
1058 5153 1096 5208 tu,
1114 5143 1150 5198 tttt
1165 5141 1267 5208 Laude,
1279 5141 1320 5197 eis
1331 5139 1495 5211 irrequisitis
1506 5153 1614 5196 emeras
1626 5139 1758 5210 quasdam

970 5245 1062 5306 partes
1081 5233 1164 5290 castri
1188 5233 1261 5302 qnod
1283 5231 1383 5286 dicitnr
1407 5230 1490 5286 Prun.
1508 5229 1543 5284 ab
1563 5228 1623 5284 aliis
1638 5228 1759 5298 ejusden·
1797 5269 1802 5275 .

969 5326 1054 5383 castri
1069 5325 1240 5381 consortibus
1256 5333 1353 5380 contra
1371 5324 1470 5378 bonam
1480 5322 1714 5378 consuetudinem.
1729 5329 1760 5374 nt

969 5418 1148 5484 dicebant,in
1167 5415 1220 5472 illis
1246 5417 1369 5487 partibus
1396 5415 1583 5485 approbatam,
1609 5414 1636 5468 in
1664 5428 1759 5468 eorum

967 5511 1155 5586 praejudicium
1168 5519 1195 5566 et
1205 5524 1363 5582 gravamen,
1375 5515 1402 5563 et
1421 5506 1589 5563 habitatores
1604 5506 1689 5579 ipsius
1711 5521 1761 5564 aa·

968 5607 1030 5673 stri,
1051 5604 1097 5674 qui
1120 5605 1196 5673 prius
1210 5603 1250 5658 eis
1272 5609 1299 5656 et
1323 5599 1385 5655 aliis
1402 5599 1573 5656 consortibus
1598 5598 1762 5655 tenebantur

970 5695 1329 5764 cotrtnruniterjrrramento,
1342 5691 1420 5749 uobis
1443 5701 1547 5749 tantum
1574 5689 1700 5748 feceratis
1716 5690 1761 5761 ju·

969 5804 1041 5859 rare,
1054 5799 1082 5846 et
1097 5787 1282 5862 proluibcbatis
1296 5801 1329 5843 no
1344 5786 1417 5858 ipsos
1430 5794 1609 5858 sequerentur
1623 5783 1650 5842 iu
1661 5799 1760 5854 guerra
