4109 6325
240 290 294 351 idi
694 291 887 349 lNNOGEthi
902 292 933 349 ΙΙΙ
949 292 999 351 ΡΡ.
1025 292 1260 352 assistentia
1281 290 1345 349 titt.
1366 291 1422 349 XV.
1457 331 1461 339 1
1815 300 1870 357 τω

242 417 297 460 tnm
314 404 436 462 ecelesite
449 408 482 463 vie
497 406 597 479 diraeu
610 416 674 459 urite
690 407 812 461 xrrcantis
837 417 1030 477 praesentatum
1046 413 1068 468 Α
1082 411 1229 464 scerxndnm
1245 418 1323 464 terrie
1343 405 1568 463 consuetudinem
1586 407 1728 477 agebatur,
1744 408 1775 465 B.
1789 426 1874 467 unirer.

240 499 274 553 ab
290 496 430 555 abbatissa
445 498 552 553 Sanctae
575 495 671 551 Crucis
695 494 730 553 de
745 496 859 565 Pictavi,
872 514 933 567 errae
947 494 983 555 se¹
1000 499 1028 555 iu
1083 499 1143 555 cnlo
1157 514 1206 555 suc
1227 498 1381 569 prestando
1402 496 1586 567 patrocinium
1611 498 1758 555 assistebat
1779 513 1873 558 curura

239 589 397 656 eudemius
420 597 580 657 patronatus
608 586 709 643 hahere
735 588 862 655 dicabat,
884 591 1031 647 admittere
1083 592 1169 660 ipsum
1184 590 1341 660 episcopum
1362 597 1391 645 et
1414 588 1566 645 Ecclesiam
1590 588 1795 660 pictavensem
1810 596 1874 666 quia

241 678 379 744 vvelirissct,
396 678 509 747 eoquod
526 676 597 733 idem
609 676 652 733 W.
668 676 789 735 existens
805 678 1030 737 Talanmndensis
1082 699 1146 739 cnm
1160 685 1280 738 nondum
1301 692 1373 738 essct
1399 681 1549 749 exorcista,
1573 681 1600 736 in
1625 684 1717 739 causis
1742 685 1872 755 episcopi,

239 768 369 831 iteranus,
383 767 529 821 canonicus
544 766 760 837 Engnlismensis
772 778 799 823 ct
814 763 983 826 elevacensis
1003 780 1031 826 et
1081 776 1128 843 qui
1142 774 1219 843 quasi
1244 771 1368 830 columna
1389 779 1432 828 cst
1446 771 1583 837 Ecclesia,
1608 782 1663 828 tam
1689 775 1872 832 inierior'non

240 862 346 913 srivrctxe
356 858 561 928 llarixcliaJoris
570 860 602 915 de
611 859 759 926 Pictavi,et
768 862 940 932 pensionibus
950 862 1031 918 herve-
1082 868 1193 923 deberet
1219 881 1267 936 pro
1286 864 1377 934 judico
1400 866 1534 931 residerc;
1552 865 1671 921 maxime
1690 882 1753 923 cnm
1767 869 1872 926 iveline·

239 949 1032 1019 liciatusqnamplurimis,aliamhahebatecetcsiarnindive-
1082 966 1173 1013 rentcr
1196 958 1230 1012 ad
1253 970 1335 1012 enine
1352 971 1451 1011 munus
1472 970 1569 1010 triatrus
1586 957 1747 1027 extendens,
1764 976 1778 1011 a
1794 960 1872 1017 iaicis

238 1043 292 1097 resi
305 1042 467 1109 Pictarensi,
481 1051 509 1097 ct
525 1042 660 1099 abbatissa
675 1042 786 1114 praelata
803 1045 872 1099 inira
886 1055 990 1117 ternpus
1003 1048 1029 1101 in
1081 1051 1127 1106 vili
1144 1050 1293 1105 conductus
1304 1047 1405 1104 salario
1422 1050 1596 1105 consueverit
1607 1064 1745 1121 oppenere
1760 1068 1790 1107 se
1807 1068 1875 1112 eon-

239 1131 418 1187 Lateranensi
439 1134 741 1189 eoncilioconstitntnvn
757 1151 901 1206 personam
917 1154 970 1192 non
983 1154 1030 1193 cn·
1082 1138 1269 1207 trajustitiam
1290 1137 1426 1202 ecclesiis,
1444 1137 1552 1203 viilrris,
1568 1138 1697 1205 orphanis
1712 1151 1740 1195 et
1752 1142 1871 1212 pupillis.

239 1222 340 1277 eriserit
362 1221 484 1277 ivlovveam
505 1236 679 1295 praesentare,
700 1238 732 1281 ac
752 1228 941 1296 presentando
962 1228 1031 1284 indi·
1083 1227 1159 1284 Unde
1170 1228 1284 1283 timebas
1304 1230 1449 1297 episcopus
1471 1242 1505 1281 ne
1519 1236 1668 1298 corruptus
1684 1232 1871 1287 muneribesa

240 1331 333 1386 gnrrvn,
347 1316 391 1370 illa
407 1319 466 1372 vire
477 1314 653 1385 jusamiscrit
665 1319 858 1388 presentarunt,
870 1320 903 1375 de
913 1320 1031 1391 pruden-
1080 1321 1177 1376 sentila
1185 1317 1299 1386 inseriae
1314 1318 1457 1384 deviaret;
1472 1317 1535 1387 quia
1548 1318 1571 1373 si
1592 1317 1675 1373 ileum
1700 1335 1750 1389 pro
1767 1321 1873 1378 utodieo

239 1416 295 1462 tum
312 1409 432 1464 rirornm
450 1412 563 1466 consilio
582 1409 705 1481 Philippo
723 1412 834 1481 pauperi
851 1410 950 1467 clerico
970 1414 1030 1467 n'ul·
1081 1412 1108 1466 in
1123 1408 1322 1465 miserabilibus
1350 1408 1475 1478 personis
1499 1407 1624 1477 chevrdit,
1647 1426 1697 1479 pro
1718 1411 1804 1466 multo
1817 1428 1871 1468 non

240 1500 297 1554 inm
319 1500 391 1557 aliud
408 1502 514 1557 habenti
532 1502 744 1557 ecclesiasticum
758 1502 930 1568 benellcium,
946 1518 1028 1573 quem
1081 1504 1233 1574 preteriret
1256 1503 1414 1571 episcopum
1444 1500 1625 1563 inollensvnn,
1653 1502 1695 1555 sui
1720 1502 1871 1558 adversarii

238 1592 317 1651 hone
332 1594 429 1651 indolis
453 1610 513 1651 esse
526 1596 583 1651 suis
594 1594 693 1650 litteris
705 1596 878 1651 describebat
891 1602 917 1651 et
936 1610 986 1666 per
999 1611 1030 1653 sc
1081 1595 1281 1650 correanonicas
1291 1600 1320 1647 et
1332 1593 1437 1648 amicus
1450 1594 1578 1662 specialis
1594 1594 1726 1651 existens.

238 1703 270 1742 ac
284 1703 349 1745 suos
364 1688 442 1742 valate
456 1687 547 1743 utilem
562 1686 683 1743 ecclesie
700 1696 868 1751 memorate,
885 1688 969 1758 ipsius
982 1704 1028 1743 cc·
1116 1686 1151 1741 iit
1161 1688 1225 1756 qnia
1236 1685 1354 1755 suspecti
1365 1693 1393 1739 et
1407 1686 1510 1740 inimici
1536 1684 1643 1754 judices
1658 1701 1718 1741 csse
1738 1703 1792 1742 non
1818 1686 1867 1742 dc·

238 1778 327 1835 alesine
340 1778 453 1833 contidit
467 1774 798 1846 personaturn.Wultcros
810 1792 873 1832 xero
884 1778 1027 1849 predictus
1043 1750 1065 1805 Β
1080 1778 1154 1842 beni,
1168 1791 1230 1831 enm
1246 1784 1438 1852 procuratores
1450 1774 1572 1844 predicti
1591 1777 1625 1829 ad
1653 1778 1711 1831 liaec
1727 1778 1870 1847 probanda

238 1868 272 1925 ad
296 1866 404 1924 Sancta
421 1866 594 1937 lladegnndie
616 1873 643 1921 ct
670 1864 763 1921 Sancti
784 1864 876 1920 llilarii
897 1868 931 1922 dc
955 1866 1028 1921 Cella
1080 1885 1132 1923 non
1149 1868 1287 1939 potuerint
1316 1882 1333 1923 a
1360 1866 1567 1937 prenominatis
1585 1864 1725 1935 judicibus
1750 1867 1871 1923 arbitros

237 1958 344 2029 priores
368 1967 396 2014 et
411 1958 571 2028 magistrum
590 1954 758 2027 Stephanum
780 1955 899 2012 Geisclrct
916 1958 1029 2011 canoni·
1078 1960 1211 2028 obtinere,
1224 1975 1293 2031 qnos
1311 1974 1373 2015 cum
1400 1960 1532 2016 instantia
1549 1959 1870 2032 postumianensem

239 2066 300 2106 cum
321 2050 428 2106 Sanctae
441 2050 532 2105 llariae
543 2048 653 2118 llajoris
663 2050 695 2105 de
708 2048 809 2105 Pictavi
831 2058 938 2106 nostras
956 2049 1029 2107 litte·
1079 2054 1205 2124 episcopo
1218 2068 1299 2123 quam
1315 2067 1364 2123 pro
1377 2052 1451 2109 dicto
1461 2050 1588 2123 Philippo
1600 2052 1634 2106 ad
1649 2052 1742 2107 sedem
1757 2062 1870 2123 aposta·

237 2160 284 2203 ras
301 2160 383 2216 super
405 2148 501 2202 eadem
516 2144 631 2201 ccclesia
648 2144 802 2213 trnpetrarit
817 2163 824 2200 ε
841 2160 909 2215 quas
929 2162 1030 2219 procu·
1079 2146 1157 2203 licam
1170 2145 1349 2219 appellarent,
1366 2145 1534 2216 episcopum,
1550 2146 1665 2201 ciericos
1688 2160 1766 2209 siros,
1782 2146 1871 2215 digni-

204 2260 213 2269 ·
239 2246 343 2294 ratores
356 2237 475 2308 episcopi
489 2238 514 2291 in
528 2236 639 2293 modurn
651 2236 818 2307 exceptionis
830 2248 1029 2308 proposuerunt
1080 2250 1163 2293 vatem
1179 2236 1359 2307 episcopalem
1374 2246 1501 2293 ettotam
1527 2238 1733 2308 episcopatum,
1753 2253 1803 2293 nce
1816 2254 1870 2295 nou

240 2332 269 2385 ln
287 2340 381 2386 eorum
397 2330 538 2401 praesentla
559 2345 612 2384 reon
625 2328 725 2393 valere,
744 2330 793 2399 pro
806 2330 918 2400 eoquod
941 2330 1028 2401 impe-
1078 2339 1106 2384 ct
1119 2328 1303 2398 prescriptam
1315 2325 1459 2382 eeclesiam
1474 2326 1508 2381 de
1521 2329 1621 2383 biraco
1635 2328 1686 2383 sub
1697 2338 1789 2383 nostra
1804 2344 1869 2399 pro·

239 2432 315 2479 tratre
330 2416 500 2478 itrerant'tali
518 2420 636 2477 falsitate
662 2431 790 2491 sxvggesta
806 2431 833 2476 ct
852 2421 897 2476 tali
913 2422 1027 2477 veritate

238 2528 446 2585 suppressaque
464 2512 545 2567 tacita
562 2512 604 2567 vel
619 2525 748 2582 expressa
764 2511 902 2582 impetrari
916 2514 1027 2569 nxinime

238 2602 400 2671 potirissent.
422 2603 583 2657 deseruerat
604 2602 677 2657 enim
692 2602 720 2655 in
735 2616 783 2657 sua
805 2602 962 2659 narratione
981 2602 1025 2659 W.

238 2694 309 2763 quod
327 2693 425 2747 dictum
441 2690 584 2747 eeclesiam
605 2690 695 2747 iuerat
714 2693 846 2749 canonice
868 2704 1026 2762 assecutus,

238 2800 300 2840 cum
312 2800 365 2839 tion
384 2793 455 2839 esset
470 2784 608 2839 institutus
628 2799 677 2853 per
690 2786 857 2856 episcopum,
873 2802 923 2842 nec
945 2788 1027 2842 etiarm

238 2883 419 2949 praesentatus
438 2884 549 2946 propter
574 2891 671 2931 caxvsas
685 2876 840 2945 praedictas,
853 2888 881 2935 et
899 2880 1027 2951 quianon

237 2978 295 3024 crat
312 2968 373 3023 talis
398 2983 511 3039 persona
527 2972 570 3023 cui
592 2966 702 3025 deberet
724 2972 887 3042 parochialis
907 2971 1027 3028 ecclesie

1080 2421 1199 2477 tectione
1214 2431 1357 2492 ponentes.
1384 2418 1463 2477 Unde
1476 2419 1527 2491 ipsi
1541 2420 1648 2490 judiees
1665 2428 1726 2489 post
1751 2420 1869 2489 appella·

1081 2514 1180 2568 tionem
1196 2511 1383 2581 interpositam
1397 2520 1425 2565 et
1439 2510 1482 2566 bis
1496 2525 1511 2564 a
1526 2512 1749 2580 procuratoribus
1763 2511 1870 2580 episco-

1079 2604 1117 2673 pi,
1134 2618 1196 2657 eum
1216 2602 1353 2657 citabatur
1367 2600 1558 2673 adjudicium,
1575 2601 1741 2666 innovatam,
1759 2611 1786 2656 ct
1809 2610 1869 2672 post

1079 2698 1236 2749 xxtandatnnr
1261 2694 1360 2763 prioris
1379 2692 1413 2749 dc
1437 2692 1592 2751 Partiniaco
1606 2693 1693 2748 veteri
1706 2704 1735 2748 et
1754 2710 1867 2749 suomrxx

1079 2783 1249 2855 corijuilicum
1279 2786 1462 2856 delegatorum
1494 2793 1650 2841 nostrorum
1680 2786 1868 2839 inundantium

1078 2877 1174 2948 primis
1197 2874 1333 2945 judicibus
1355 2888 1384 2930 ut
1409 2876 1497 2932 eidem
1521 2875 1730 2944 supersederent
1750 2872 1868 2946 negotio

1078 2982 1218 3039 quousque
1239 2982 1288 3036 per
1306 2966 1477 3021 collationem
1506 2964 1661 3020 litterarum
1688 2965 1722 3020 de
1742 2962 1866 3033 jonium

237 3076 302 3118 cura
317 3061 526 3127 rotixxnitti,cunt
540 3076 593 3117 nou
612 3072 701 3133 posset
718 3062 750 3118 ad
761 3062 942 3119 sacerdotium
962 3080 1025 3135 prc-
1041 3084 1062 3141 g
1078 3060 1200 3132 priorum
1226 3069 1254 3114 et
1281 3058 1461 3129 posteriorum
1486 3056 1680 3126 jurisdictione
1714 3065 1866 3123 constaret,

236 3150 351 3208 moveri.
363 3150 507 3207 Veritatem
517 3166 624 3221 quoque
636 3152 894 3222 dicchautjcrundem
905 3171 1027 3226 suppres-

236 3241 304 3296 sisse
314 3239 357 3296 W.
369 3255 402 3296 eo
417 3240 488 3312 quod
502 3257 646 3314 suppresso
659 3243 766 3298 nomine
778 3243 935 3310 decanatus,
950 3255 977 3300 ct
994 3245 1027 3299 tle

236 3331 373 3388 herveticiis
384 3333 480 3406 quibus
494 3332 672 3390 abundatnon
685 3333 776 3388 habita
788 3335 1036 3407 nxerrtione,'snper'

237 3424 335 3479 minori
358 3425 489 3480 beneficio
503 3424 607 3480 litteras
634 3425 800 3496 impetravit,
826 3436 854 3482 ct
870 3429 934 3497 qnia
949 3429 971 3482 si
986 3429 1025 3482 di-

237 3515 320 3571 xisset
334 3514 404 3588 quod
416 3515 503 3571 cidens
518 3517 644 3586 nequiret
656 3515 783 3572 Ecclesiae
799 3517 825 3571 in
837 3532 951 3586 persona
962 3535 1024 3588 pror

236 3607 294 3676 piria
311 3607 458 3673 deservire,
474 3608 520 3680 qni
534 3609 668 3680 iiiiquam
685 3609 766 3666 halet
780 3611 954 3665 residentiam
970 3628 1023 3667 non

235 3697 344 3754 exhibet
357 3701 533 3770 corporalem,
553 3716 567 3754 a
584 3701 648 3776 sede
662 3701 809 3770 apostolica
831 3701 883 3757 tale
908 3716 961 3757 non
975 3717 1023 3771 po-

236 3789 331 3845 tuisset
357 3791 480 3847 obtinere
511 3791 677 3845 mandatnm.
715 3791 848 3847 Praeterea
877 3794 903 3847 in
925 3801 1021 3848 tenore

236 3881 386 3940 litterarum
403 3882 509 3937 iliarum
527 3882 561 3937 dc
582 3882 633 3936 iilis
658 3881 833 3954 indulgentiis
849 3884 954 3938 mentio
968 3899 1022 3939 non

236 3973 316 4028 tiebat
331 3973 428 4043 quihus
440 3975 567 4044 episcopo
581 3976 767 4031 concessimus
779 3986 928 4032 memorato
941 3975 1022 4032 hene·

1080 3151 1159 3207 talem
1175 3150 1294 3206 tulerunt
1308 3149 1470 3206 seutentiam
1497 3149 1525 3205 in
1548 3148 1708 3221 episcopum
1731 3165 1867 3206 memora·

1079 3255 1145 3307 tvvm,
1159 3243 1230 3314 qnod
1242 3256 1291 3298 nec
1306 3241 1470 3311 suspendere
1490 3249 1591 3311 posset,
1610 3257 1661 3298 nce
1674 3244 1867 3297 excommnni·

1077 3351 1140 3390 care
1150 3333 1296 3402 subiectos,
1306 3343 1357 3388 nec
1370 3332 1575 3403 procurationes
1585 3333 1695 3405 exigere
1705 3335 1740 3391 ab
1751 3335 1865 3400 eisneue

1076 3442 1158 3496 qnam
1170 3427 1334 3496 posteriores
1345 3423 1450 3492 judices
1474 3434 1584 3495 pmpter
1608 3440 1707 3481 earvsas
1720 3427 1867 3496 praedictas

1077 3519 1222 3574 trrvvltorum
1235 3519 1275 3572 usi
1293 3517 1406 3572 consilio
1429 3517 1610 3572 decreverunt
1629 3517 1736 3572 irritam
1751 3527 1780 3573 ct
1805 3519 1866 3572 ina-

1074 3625 1149 3674 nem,
1163 3617 1190 3665 et
1203 3609 1305 3679 primos
1326 3609 1447 3681 judices,
1465 3624 1499 3665 eo
1513 3608 1585 3678 quod
1602 3623 1762 3678 processum
1778 3608 1866 3680 impe·

1076 3702 1185 3756 diebant
1196 3702 1324 3771 ipsorum,
1341 3710 1409 3756 ctca
1424 3718 1486 3773 qnae
1508 3710 1710 3757 attentaverant
1734 3715 1866 3759 revocare

1074 3791 1211 3858 nolebant,
1222 3789 1286 3845 licet
1300 3789 1349 3860 ipsi
1365 3791 1451 3859 parati
1464 3800 1623 3861 essentque
1634 3790 1724 3846 medio
1740 3799 1865 3860 tempere

1074 3880 1196 3938 iecerunt
1220 3890 1380 3946 retractare,
1406 3883 1698 3939 cxconinmnicationis
1719 3885 1865 3940 sententie

1074 3973 1256 4042 subjecerunt.
1278 3973 1484 4044 Proponehatnr
1508 3975 1589 4031 ctiam
1621 3984 1716 4032 contra
1743 3977 1863 4047 priorem

235 4062 341 4118 liniatus
367 4063 529 4133 centipellere
564 4063 681 4124 clericus
706 4065 887 4134 personaliter
910 4067 938 4122 in
965 4067 1023 4122 suis
1073 4075 1175 4122 sarriet-e
1185 4065 1683 4139 iladegvivtdisprcdicturnqoodipse
1693 4067 1860 4136 odiiiomite,

235 4141 361 4212 'Ecclesia
376 4157 522 4224 desereire,
536 4168 564 4213 et
580 4173 632 4214 non
647 4147 773 4227 compelli
798 4159 939 4215 adcnram
963 4160 1021 4213 ani·
1062 4155 1200 4211 .nonzelo
1217 4154 1341 4222 iustitia,
1370 4170 1435 4212 snos
1459 4157 1567 4213 induxit
1596 4157 1752 4226 coxendices
1776 4167 1807 4213 ut
1833 4160 1860 4212 in

235 4263 340 4303 inarum
354 4250 496 4305 ariminen-e
509 4250 613 4320 ntiqiios
626 4252 672 4320 qin
689 4265 742 4305 non
765 4252 870 4321 possint
885 4255 911 4306 in
928 4250 1022 4308 Eccle-
1071 4247 1226 4317 episcopani
1242 4245 1344 4302 terrem
1370 4236 1534 4303 senteutiam
1560 4251 1752 4320 supradictam,
1769 4250 1860 4304 subn·

234 4340 281 4396 siis
298 4339 562 4396 coritinueresidere.
589 4339 804 4411 Corin-aiudiecs
829 4341 1039 4412 siqnidernex-·
1072 4335 1109 4390 lis
1136 4353 1170 4391 ne
1203 4337 1389 4407 inpenderent
1417 4339 1544 4411 episcopo
1571 4340 1750 4395 reverentiam
1785 4339 1860 4396 debi-

233 4432 371 4502 ceptioucs
397 4434 430 4488 ad
459 4433 647 4492 declinandum
672 4449 766 4489 eornm
788 4433 919 4504 judicium
942 4433 1018 4492 livere
1034 4420 1057 4477 Ῑ)
1072 4438 1126 4487 lam
1155 4429 1320 4488 inhibentes.
1345 4431 1459 4502 Exque
1482 4432 1860 4505 gravisiuunineretjactura

233 4525 376 4596 propositae
405 4539 420 4579 a
449 4525 669 4594 procuratoribus
702 4527 821 4596 episcopi
857 4525 1017 4596 supradicti.
1075 4521 1125 4577 toti
1154 4522 1264 4578 dioeecsi
1296 4523 1467 4592 Pietaxensi3
1495 4525 1558 4595 qnia
1580 4527 1700 4596 tyranni,
1724 4535 1858 4596 raptores,

233 4615 332 4672 Contra
347 4616 462 4686 priorem
479 4615 586 4673 Savietae
603 4617 775 4687 liarlegnudis
797 4617 932 4682 videlicet,
948 4619 1019 4687 qnod

232 4708 359 4764 inimicus
386 4707 503 4778 episcopi
527 4717 554 4763 et
577 4717 735 4778 persecutor
757 4709 898 4772 existens,
924 4709 1018 4763 cedern

234 4809 356 4872 perrupere
369 4799 499 4855 adversus
518 4801 643 4856 enirrdeni
668 4801 782 4880 arduam
809 4814 919 4855 causant
937 4813 1018 4868 snper

233 4889 396 4962 patrimonio
423 4905 473 4947 sne
490 4899 518 4945 et
533 4890 617 4946 leodis
646 4889 762 4946 habehat
778 4905 786 4944 a
804 4888 849 4954 qni
876 4888 1017 4942 mortalem

235 4975 378 5050 reputabit
390 4983 545 5052 episcopum
570 4980 720 5044 inimicum,
741 4978 809 5034 sicut
829 4979 854 5032 in
871 4977 969 5034 litteris
984 4977 1018 5032 ab

232 5073 310 5128 eoad
326 5075 453 5128 dilectum
475 5073 558 5129 lilium
577 5071 646 5141 ling.
671 5071 890 5126 archidiaconum
918 5069 1019 5124 Bituri-

233 5179 342 5220 eenscm
371 5165 536 5219 transmissis
561 5172 686 5234 apparet;
712 5171 740 5217 ct
756 5163 790 5218 ob
814 5163 865 5218 hoc
879 5161 1019 5230 potissime

234 5257 424 5329 quodquidam
437 5257 469 5311 de
481 5255 587 5311 clericis
603 5255 659 5312 suis
683 5256 768 5327 ipsius
789 5257 951 5311 atteteritate
969 5255 1018 5310 de,

233 5349 392 5420 annullarunt
402 5345 491 5417 ipsum
504 5347 622 5418 priorem
633 5346 780 5415 prioratum
797 5353 824 5400 ct
846 5345 1017 5415 prschcvulam

189 5419 194 5427 ⁵
233 5437 386 5495 obtinuisse
398 5451 446 5508 per
456 5435 637 5492 Sirnoniacam
658 5439 831 5507 pravitatem.
859 5435 1016 5507 iiagisttuttt

233 5541 340 5596 quoquc
360 5525 526 5598 Stephanum
552 5523 667 5581 Gasehet
694 5535 884 5596 procuratores
898 5525 1017 5595 episcopi

234 5618 405 5683 recusabant,
419 5633 452 5673 eo
463 5618 534 5688 quod
561 5617 587 5670 in
602 5631 683 5672 eausa
699 5617 815 5687 ipuadam
839 5616 924 5671 ardua
939 5624 967 5670 et
976 5613 1017 5670 ia·

235 5723 318 5768 umsn,
336 5709 362 5764 in
379 5724 430 5781 qna
445 5710 478 5763 de
490 5711 561 5764 l'urto
575 5719 600 5763 et
613 5709 768 5780 perieulum
785 5707 932 5766 attrissionc
945 5705 1015 5762 teoni

1071 4609 1242 4676 incendiarii,
1256 4611 1340 4667 etalii
1356 4614 1515 4684 pestilentes
1528 4629 1578 4684 per
1596 4614 1745 4670 l‘ictavinnt
1759 4617 1859 4671 debac-

1070 4701 1181 4755 chantes
1196 4717 1249 4757 non
1276 4711 1385 4772 possent
1397 4703 1568 4758 coercitionis
1585 4705 1684 4759 debitae
1697 4705 1774 4760 lrexxo
1785 4721 1860 4760 corrr-

1070 4791 1158 4862 pcsci,
1183 4793 1205 4848 si
1225 4794 1457 4862 restringerentur
1482 4795 1636 4850 intantum
1659 4795 1859 4866 jurisdictionis

1070 4882 1233 4954 episcopalis
1250 4884 1371 4940 habena.
1388 4885 1452 4941 Fuit
1471 4886 1553 4941 etiam
1579 4888 1748 4957 propositum
1765 4903 1858 4945 coram

1070 4973 1150 5028 nobis
1162 4974 1233 5044 quod
1253 4990 1315 5030 cum
1330 4977 1486 5034 nominatus
1512 4979 1656 5049 episcopus
1677 4981 1858 5050 personaliter

1070 5067 1209 5122 adsedem
1232 5067 1407 5137 apostolicam
1426 5071 1597 5137 accessisset,
1621 5070 1700 5126 nohis
1719 5073 1858 5128 bunxiliter

1070 5157 1232 5228 supplicavit
1246 5168 1276 5212 nt
1290 5157 1397 5214 Satxclae
1414 5158 1591 5229 hunegundis
1604 5171 1631 5216 et
1644 5160 1737 5216 Sancti
1763 5160 1858 5218 iiiiarii

1070 5249 1187 5305 dccella
1201 5249 1306 5318 priores
1325 5260 1353 5305 et
1369 5250 1494 5308 abbatem
1518 5249 1585 5308 iloni
1614 5253 1793 5319 xnotrasterii,
1812 5251 1858 5322 qui

1071 5340 1153 5400 nimia
1169 5341 1354 5396 familiaritate
1377 5341 1516 5408 corvjuncti
1532 5357 1595 5398 cunr
1620 5343 1858 5414 persequebantur

1070 5429 1180 5499 irrjuste,
1197 5431 1382 5488 iirlriberemos
1394 5432 1428 5486 de
1441 5441 1540 5487 caetero
1566 5433 1623 5489 dari
1643 5431 1750 5502 judices
1762 5440 1857 5488 metra

1071 5524 1158 5592 ipsum
1175 5541 1181 5576 :
1197 5522 1267 5593 qued
1288 5531 1352 5577 tunc
1376 5522 1411 5577 ad
1425 5537 1520 5592 preces
1535 5524 1621 5594 ipsius
1643 5523 1775 5592 episcopi,
1787 5523 1857 5578 sicut

1070 5611 1128 5682 eius
1147 5613 1257 5668 trontius
1281 5612 1459 5685 proponebat,
1475 5612 1502 5667 in
1517 5613 1681 5669 carrceilaria
1698 5625 1792 5669 exostra
1816 5611 1856 5668 le·

1070 5704 1156 5760 cintus
1171 5703 1296 5762 itihiberi.
1314 5701 1392 5761 Unde
1404 5719 1467 5761 cum
1481 5704 1516 5759 de
1526 5705 1578 5761 lxoc
1593 5703 1666 5760 nulla
1688 5704 1765 5761 iteret
1780 5719 1856 5761 trien·
