4109 6325
167 296 236 356 1000
281 313 291 328 ·
608 297 713 355 nutui
730 295 898 353 totondi.
919 293 1114 356 nocuerat.
1135 294 1347 360 tddotlirttnt
1718 297 1788 352 tito

165 425 195 472 ut
210 429 292 484 nuper
305 415 347 470 lrls
361 423 542 471 statueremus
555 415 678 469 ordinem
703 425 730 470 et
743 430 899 470 rneusuram
916 430 950 470 cx
964 425 989 482 Α
1002 414 1110 469 ritualia
1129 429 1180 470 rron
1194 412 1362 480 ministrant,
1376 409 1523 466 monitione
1538 411 1676 479 prarrrtssa
1698 409 1789 470 distri·

165 517 244 578 porte
263 515 351 562 restra
363 506 525 577 suppliciter
549 505 734 578 postulabant.
760 504 836 562 Licet
857 515 950 564 auteur
1002 505 1091 561 ctione
1105 521 1157 576 qua
1171 506 1297 561 convenit
1311 504 1495 574 corupellatis3
1512 503 1547 558 its
1564 512 1653 559 tamen
1678 509 1749 578 quod
1767 509 1790 565 si

165 614 259 670 proco
273 599 345 668 quod
358 599 486 668 praedicto
499 597 630 652 cardinali
651 596 691 651 rel
707 599 797 666 potius
818 596 895 654 uobis
922 598 951 654 iu
1002 601 1036 656 de
1052 600 1126 671 agris
1144 600 1170 655 in
1185 614 1280 656 eorum
1294 600 1423 670 parnclrio
1436 598 1594 654 constitutis
1608 599 1712 655 lrrrctus
1726 615 1789 670 per·

166 693 226 762 lpso
242 691 439 746 contumaciter
451 691 618 754 resistentes,
627 689 703 759 juxta
722 688 834 742 ueritum
861 690 951 744 Domi·
1002 689 1106 768 cipiunt
1119 699 1146 745 et
1160 689 1186 744 ln
1201 689 1385 745 ultramarinis
1398 688 1521 759 partibus
1542 689 1648 744 ratione
1676 689 1791 760 praedio·

166 783 275 836 uicum:
289 781 342 846 Qui
360 796 403 836 ros
423 781 513 849 recipit
526 797 566 834 mc
580 778 679 848 recipit,
690 788 714 832 et
729 780 774 848 qai
787 795 831 834 uos
851 780 950 851 speruit
1002 797 1063 838 rum
1074 783 1187 839 decimae
1200 782 1399 853 persolvuntur,
1419 781 1452 837 de
1465 780 1530 851 ipsis
1545 781 1586 836 eis
1601 781 1791 838 docinrascunr

165 888 207 927 ure
220 872 317 942 spernit
332 869 408 939 (duc.
425 871 464 939 rr),
480 871 633 925 necessaria
646 868 810 939 denegastis,
833 885 886 924 nou
901 887 952 942 pro
1002 854 1157 945 integritate
1171 874 1335 946 persolvant.
1520 943 1523 950 Ι

166 963 305 1020 0010100011
324 963 414 1033 politis
434 947 545 1024 'corrue
562 977 610 1018 tos
637 974 794 1020 nteltteruttl
817 965 952 1030 exaudiri,
1203 989 1265 1032 qupq
1279 989 1456 1031 pppqpqqppqsq
1470 989 1602 1031 gpqsqopo,

166 1055 230 1124 quia
246 1063 336 1110 tamen
356 1063 498 1124 paternam
525 1054 708 1121 affectionem,
737 1071 789 1124 qua
808 1057 887 1111 nobis
911 1066 953 1112 est
1039 1061 1096 1134 (08)
1111 1063 1168 1118 Tua
1184 1064 1262 1120 nobis
1277 1061 1436 1119 fraternitas
1449 1063 1668 1134 intimaritquod
1683 1062 1793 1133 quidam

167 1147 306 1217 proprium
333 1147 368 1202 de
395 1147 524 1225 linuranae
552 1148 625 1203 scriis
652 1149 794 1208 clementia
829 1149 953 1206 misereri
1002 1146 1065 1208 iaici
1081 1163 1132 1209 tuae
1147 1154 1273 1210 dioecesis
1289 1155 1374 1210 etalii
1400 1155 1491 1226 plures
1516 1159 1721 1227 episcopatuum
1743 1157 1793 1214 arl-

166 1247 312 1307 temperet
326 1253 448 1308 parcere,
460 1238 648 1296 olicusietiam
663 1241 800 1310 deponere
825 1257 879 1296 non
907 1255 954 1294 va·
1000 1243 1149 1334 jacqrrtiunr
1162 1245 1281 1300 decimas
1296 1246 1428 1302 Ecclesiis
1443 1256 1471 1302 et
1486 1247 1597 1304 clericis
1610 1249 1662 1304 tuis
1685 1263 1797 1320 perter-

167 1333 266 1396 lentus,
280 1337 313 1390 de
327 1334 442 1390 consilio
454 1334 568 1391 iratrurn
587 1345 742 1392 nostrorum
754 1336 846 1391 taliter
858 1335 885 1390 in
902 1337 952 1392 lru·
1004 1336 1042 1390 sis
1054 1335 1304 1393 utuchiuatiouilurs
1318 1340 1482 1393 subtrahere
1494 1339 1653 1404 moliuntur,
1680 1349 1708 1395 ot
1730 1356 1796 1397 eon·

166 1422 283 1493 iracundi
299 1424 423 1479 duximus
439 1426 665 1494 respondendum,
692 1427 839 1498 quodcum
859 1442 955 1483 omues
1005 1435 1090 1496 cepta
1098 1428 1284 1499 perversitatis
1293 1429 1434 1485 audaciam
1444 1447 1496 1485 non
1506 1431 1795 1488 curantsatisluctione

169 1514 296 1570 Ecclesiae
312 1516 956 1589 legatisct'nuutiisopostolicaesedisprocura·
1005 1521 1094 1578 debita
1111 1521 1267 1576 emendare.
1289 1519 1404 1588 Quidam
1428 1521 1501 1577 enirn
1528 1537 1562 1578 ex
1590 1523 1631 1578 eis
1654 1536 1747 1578 senten
1769 1533 1797 1579 ct

169 1606 256 1660 tiones
268 1606 423 1676 impendere
439 1616 595 1674 teneantur,
613 1609 648 1664 alr
662 1623 757 1665 eorum
781 1612 956 1681 praestatione
1006 1623 1129 1682 sumptus
1147 1613 1193 1682 qui
1212 1611 1351 1668 lueriutiu
1365 1613 1529 1684 agricultura
1558 1613 1686 1683 primitus
1713 1613 1797 1670 (10οι(-

169 1695 270 1752 unllam
293 1713 404 1768 prorsus
431 1698 532 1756 habere
558 1701 682 1757 solruorrs
706 1711 874 1767 excrrsatam,
902 1700 955 1757 nisi
1007 1707 1116 1770 cendos,
1135 1714 1163 1762 et
1179 1707 1212 1762 de
1225 1706 1342 1763 residuis
1354 1706 1559 1776 impendendam
1583 1721 1646 1762 esse
1661 1708 1795 1762 decimam

169 1787 240 1844 torte
253 1804 301 1859 per
318 1790 436 1860 speciale
450 1791 699 1862 priuilegiumscdis
711 1791 955 1862 apostolicae,qnod
972 1781 993 1836 Β
1007 1813 1178 1870 assume-„inq
1192 1803 1238 1857 atri
1253 1818 1318 1860 paro
1332 1804 1365 1859 de
1376 1804 1501 1874 portione
1515 1803 1652 1858 fructuum
1675 1817 1756 1872 quarn
1781 1815 1797 1855 a

171 1895 224 1934 ¹¹⁰⁰
237 1880 384 1949 000οῑ0000,
397 1883 432 1936 iii
443 1891 578 1953 00000000(
593 1881 644 1936 00οῑ
657 1881 818 1952 100000οῑ100
831 1889 953 1950 tempore
1006 1895 1110 1951 colonis
1124 1895 1262 1965 accipiunt
1273 1906 1376 1965 partem
1401 1896 1514 1966 cleelmae
1543 1903 1710 1963 separantes,
1737 1906 1796 1948 earu

169 1974 542 2049 000000000000008000001
568 1993 623 2032 non
651 1977 823 2047 impenderit,
850 1993 911 2033 curm
928 1978 956 2034 iu
1007 1986 1117 2054 capellis
1135 1985 1191 2040 suis
1207 1986 1248 2040 vel
1261 1986 1320 2042 aliis
1332 1986 1457 2043 ecclesiis
1472 2002 1519 2044 seu
1537 1987 1620 2043 etiarn
1634 1982 1798 2056 pauperibus

170 2063 270 2120 talilurs
284 2066 453 2136 prascrtprto
480 2069 531 2124 sibi
555 2068 645 2124 locum
667 2076 785 2138 nequeat
804 2069 956 2137 vindicare,
1008 2079 1150 2134 corrlcrunt
1166 2079 1208 2134 vel
1224 2079 1250 2133 in
1264 2095 1328 2136 usus
1346 2080 1413 2136 alios
1426 2094 1476 2151 pro
1500 2095 1549 2135 sua
1569 2078 1709 2134 uoluntate
1728 2088 1797 2132 eou-

171 2171 232 2209 cum
245 2171 321 2211 unsa
339 2159 492 2227 provisione
508 2160 652 2230 pastoralis
666 2160 860 2217 sollicitudinis
880 2161 957 2217 cirea
1007 2177 1126 2225 vertunt.
1141 2169 1268 2226 Nonnulli
1284 2171 1443 2228 elericorum
1454 2173 1537 2227 uitam
1548 2179 1675 2241 tauquam
1694 2168 1798 2223 alrorui·

171 2263 266 2302 ornnes
279 2249 412 2306 Ecclesiae
429 2267 567 2322 nunquam
578 2252 691 2309 omniuo
710 2266 859 2307 cessemus.
885 2251 958 2308 Sane
1009 2260 1124 2316 narlrilern
1141 2261 1307 2318 detestantes
1318 2263 1437 2318 rleciruas
1457 2263 1497 2318 eis
1518 2262 1552 2317 nb
1569 2261 1620 2316 lroc
1637 2260 1798 2316 subtrahero

171 2338 199 2393 ln
216 2340 258 2395 iris
272 2342 413 2414 erigendis
430 2357 492 2398 euru
508 2345 616 2399 modum
633 2352 660 2399 el
685 2343 808 2400 ordinem
823 2341 959 2399 'vninntns
1009 2367 1062 2406 oon
1077 2365 1214 2409 verentur.
1230 2353 1345 2421 Quidam
1364 2356 1474 2426 insuper
1485 2363 1639 2409 asserentes
1652 2365 1799 2423 seposses·

172 2432 311 2486 otncrrart
327 2443 355 2487 ut
369 2435 441 2488 nullu
453 2436 570 2491 ecelesia
582 2437 623 2491 tel
639 2437 767 2506 praelatus
782 2452 812 2492 se
836 2435 958 2490 indebite
1009 2443 1099 2500 aiones
1113 2452 1141 2500 et
1151 2446 1242 2500 otnnia
1254 2445 1315 2513 jura
1335 2461 1383 2502 sua
1407 2461 1469 2502 cum
1495 2445 1567 2501 omni
1589 2444 1691 2500 honore
1716 2455 1799 2512 atque

172 2525 332 2594 ploegrutat'i
355 2527 553 2582 rationabiliter
577 2537 769 2599 conqueratur.
800 2527 959 2582 51001000
1010 2535 1135 2593 districto
1148 2551 1197 2607 per
1215 2537 1380 2607 imperialem
1391 2536 1594 2592 concessionem
1615 2536 1736 2604 adeptos,
1752 2531 1800 2590 de·

173 2618 309 2672 cuurruuui
325 2619 435 2674 collecta
452 2619 602 2690 legatorum
618 2629 645 2672 ct
670 2620 827 2673 nutritiorum
851 2626 960 2673 nostro·
1008 2627 1325 2700 eiruassultlrujusnrodl
1349 2627 1526 2696 generalitate
1551 2627 1672 2682 detincre
1696 2641 1799 2696 praesu·

173 2709 876 2781 100]0100000500100001001000010,(100000103
904 2723 959 2763 ¹¹⁰ss
1011 2726 1098 2773 urunt.
1127 2714 1276 2776 Occasione
1300 2731 1431 2788 praterea
1470 2719 1569 2774 ueteris
1595 2717 1799 2782 declinationis,

173 2799 300 2854 duximus
312 2801 502 2869 inhibentium,
516 2815 550 2856 ex
568 2803 621 2857 ittte
635 2801 714 2855 110010
728 2807 756 2854 (il
780 2799 880 2854 nostris
899 2797 960 2852 ntti·
1010 2823 1091 2879 (quam
1105 2818 1230 2864 asserunt
1243 2809 1294 2864 sibi
1309 2823 1476 2875 concessam,
1492 2807 1800 2878 quqppideciqnaqnoqg.

174 2889 229 2944 ¹⁰¹⁰
244 2889 430 2961 Willsiliuffl
444 2893 571 2947 00100000
583 2890 708 2960 00000001
722 2905 775 2960 0100
795 2891 885 2946 minus
898 2904 961 2960 pos·
1011 2900 1077 2957 lium
1089 2901 1139 2957 sibi
1154 2917 1208 2958 non
1227 2911 1351 2957 metuunt
1364 2917 1505 2971 usurpare.
1521 2901 1621 2957 Verum
1646 2901 1668 2955 si
1682 2902 1717 2954 ad
1737 2913 1800 2954 eum

174 2981 813 3052 8101000000000010010001010000000110008
833 2982 885 3039 Sibi
910 2982 960 3037 de-
1012 3009 1097 3064 aquo
1111 2995 1292 3050 honacupclq
1308 2995 1456 3067 procedunt
1480 3003 1628 3050 assertores
1646 2993 1801 3065 hujusmodi

173 3070 247 3126 10100
271 3070 484 3140 00000100οΛΙο
508 3073 620 3140 quodsi
647 3079 759 3126 0000000
786 3070 856 3125 01000
883 3087 959 3126 illm
1012 3085 1132 3141 debiturn
1148 3095 1300 3156 respectum
1317 3084 1739 3153 lralrercot,jusecclesiasticum
1760 3087 1801 3142 di·

173 3170 303 3231 00000000
314 3163 573 3232 lueritlaeultateru,
588 3164 638 3220 0001
654 3165 688 3220 ab
706 3161 767 3221 00Ῑο
781 3172 959 3220 restauretur.
1012 3177 1134 3233 ruiuuerc
1145 3194 1198 3235 nou
1214 3180 1417 3244 contenderent,
1426 3195 1475 3235 nec
1487 3178 1618 3246 decimas,
1630 3192 1690 3249 quae
1701 3178 1801 3235 trilruttr

173 3252 281 3309 Nttnliii
295 3262 387 3309 100100
403 3258 505 3310 nostris
521 3255 548 3310 in
563 3256 723 3313 necessariis
734 3255 893 3319 0010000000
914 3270 961 3325 pa·
1012 3276 1077 3323 suut
1091 3269 1229 3339 egentium
1247 3269 1414 3336 animarum,
1443 3280 1640 3339 praesumerent
1668 3269 1799 3325 rletinere.

174 3346 398 3416 reatquicunqrre
410 3346 491 3402 luerit
502 3347 648 3416 requisitus
667 3346 807 3403 lrumiliter
817 3356 845 3401 ct
853 3346 960 3412 deuote,
1012 3358 1079 3415 (jum
1094 3361 1167 3415 enim
1182 3360 1264 3427 neus,
1276 3359 1353 3429 cujus
1364 3370 1406 3417 esp
1421 3369 1493 3416 pem
1516 3368 1543 3417 ep
1569 3360 1708 3431 preprium,
1731 3359 1799 3430 ejus,

174 3439 315 3497 1000001100
328 3441 400 3511 (llod
422 3440 583 3498 01000000
611 3443 650 3498 nil
675 3443 784 3515 0010003
801 3451 961 3509 attentetur,
1012 3452 1087 3508 orbis
1102 3461 1235 3509 terrarum
1252 3462 1279 3509 et
1293 3454 1412 3509 uniuersi
1428 3455 1474 3525 qui
1494 3454 1618 3509 lrabitarrt
1633 3456 1659 3509 iu
1688 3468 1730 3521 ea,
1754 3454 1801 3510 de·

175 3546 226 3587 ¹¹⁰0
251 3547 300 3615 per
323 3546 482 3587 0010010000
504 3534 644 3590 ministros
665 3535 865 3605 drocurniionis
884 3535 963 3589 0000·
1013 3544 1121 3600 terioris
1135 3546 1298 3601 conditionis
1313 3559 1373 3601 esse
1387 3561 1442 3601 non
1455 3546 1552 3601 delreat
1568 3561 1652 3616 quam
1673 3546 1801 3601 domiuus

175 3624 281 3695 paon,
304 3623 328 3677 st
354 3623 501 3692 nordeum,
530 3625 652 3695 nupero
675 3625 883 3695 compertarum.
910 3624 962 3691 tini
1015 3632 1414 3705 rerrrporalts,cnjnasrarnrnru
1432 3635 1554 3691 nentrum
1574 3636 1606 3690 ru
1631 3638 1711 3691 reu-rs
1732 3650 1801 3707 quaa

175 3730 242 3771 vero
264 3714 464 3770 corrtnmaciter
478 3714 520 3770 eis
543 3714 653 3770 duxerit
670 3715 863 3781 resistendum,
887 3713 963 3769 omni
1013 3724 1449 3789 „irrumpitisexcolendas,1101.
1468 3726 1576 3795 quinem
1590 3725 1715 3782 aequeris
1727 3739 1802 3781 sum.

176 3821 288 3879 prorsus
297 3806 476 3877 appellatione
487 3814 592 3863 remota
608 3806 854 3876 perscelesiasticae
867 3804 961 3862 distri·
1014 3818 1116 3887 pupas,
1128 3829 1175 3874 ,up
1190 3821 1294 3875 ,empne
1312 3825 1450 3888 separato,
1466 3818 1649 3875 necessarlum
1676 3833 1738 3875 0550
1762 3820 1803 3875 qq.

175 3899 274 3955 000100
286 3900 449 3976 0000000οῐ0
464 3906 661 3968 0000000000οΓ·
1014 3910 1225 3978 pnosciturcurn
1240 3912 1398 3983 integritate
1422 3911 1550 3983 persolvi,
1574 3911 1655 3966 uiruis
1679 3910 1802 3983 prolecto

464 3979 614 4043 TiTULUS
633 3988 680 4044 xl·
1016 4001 1121 4055 uidetur
1135 4002 1255 4071 iniquum
1274 4004 1296 4059 si
1311 4006 1432 4070 dceiutae,
1460 4020 1527 4074 quas
1549 4002 1618 4056 Deus
1647 4001 1674 4056 iu
1695 4002 1801 4073 siguum

488 4080 526 4137 tn
539 4080 657 4137 decimis.
1014 4088 1176 4146 uniuersalis
1190 4091 1302 4148 dominii
1324 4092 1375 4149 sihi
1401 4093 1488 4149 reddit
1505 4092 1636 4163 pracepit
1656 4107 1719 4148 suas
1742 4104 1803 4147 esso

195 4192 259 4231 ¹⁰¹!
270 4191 433 4242 iiii-'iltiilr
452 4190 591 4231 limidi!
603 4190 639 4229 it
658 4188 785 4229 00010031
796 4185 938 4229 10500010·
1015 4178 1135 4237 decimas
1146 4180 1316 4251 etprimitias
1331 4198 1500 4249 asseverans,
1512 4184 1654 4239 occasione
1664 4182 1803 4254 premissa

206 4269 270 4341 ’(07)
290 4267 460 4339 Siprrillcarit
474 4268 551 4325 uoltis
576 4266 740 4322 uenerabilis
761 4266 848 4321 irater
872 4272 964 4319 noster
1014 4270 1057 4325 rel
1070 4272 1222 4342 excogitata
1240 4260 1326 4344 maqis
1338 4273 1432 4330 fraude
1446 4274 1559 4330 diminui
1571 4273 1641 4330 lorte
1668 4274 1801 4329 ualerent.

177 4360 346 4417 acconensis
360 4361 503 4429 episcopus
516 4359 587 4429 quod
609 4374 672 4413 cum
690 4368 763 4428 post·
778 4356 964 4427 recuperatio·
1015 4360 1139 4430 Cunrque
1150 4362 1207 4417 lieo
1219 4363 1309 4418 detrita
1325 4364 1361 4419 sit
1374 4363 1472 4419 solutio
1493 4364 1672 4428 decimarum,
1699 4362 1726 4418 iu
1742 4370 1803 4419 tao-

178 4468 241 4508 nem
256 4451 374 4506 civitatis
386 4449 552 4505 dertonensis
562 4450 596 4503 ad
611 4447 817 4503 inhabitandum
841 4448 869 4502 in
884 4462 916 4501 ea
936 4460 966 4503 se
981 4454 1003 4509 ι)
1019 4463 1075 4511 tum
1091 4464 1119 4510 nt
1134 4457 1168 4510 ad
1182 4471 1229 4512 eas
1248 4456 1353 4513 clericis
1368 4456 1547 4524 ertrilrrndas,
1569 4455 1667 4526 quibus
1681 4470 1728 4513 ens
1746 4456 1804 4527 ipse

179 4540 360 4597 contulissent
375 4539 485 4608 qnidam
501 4538 621 4608 quiante
635 4538 789 4609 generalem
807 4538 966 4608 occupatio·

179 4646 243 4690 uem
260 4640 339 4687 terrac
355 4637 457 4687 sauctae
474 4630 501 4685 irr
516 4629 577 4685 aliis
590 4629 745 4685 civitatibus
759 4628 832 4701 requi
857 4628 965 4685 ieroso-

179 4723 302 4797 lpruitani
315 4732 471 4794 perpetuam
486 4722 625 4792 elegerant
646 4724 814 4777 mansionem
839 4731 866 4777 et
883 4723 909 4777 iu
933 4739 964 4777 ea

180 4817 356 4873 residentiam
379 4816 500 4870 iecerunt
528 4816 693 4885 aliquantam
724 4827 752 4871 et
772 4816 861 4871 adlruc
883 4817 964 4871 etiarn

181 4909 319 4965 resirleant
333 4908 360 4961 in
376 4908 481 4973 eadem,
496 4907 599 4976 praelati
614 4907 806 4976 praedictarum
825 4908 964 4960 civitatum

180 5015 228 5055 eos
241 5000 276 5053 ad
292 4998 420 5055 soluenda
433 4999 485 5054 silri
500 4999 685 5055 ecclesiastica
697 4998 759 5067 jura
781 4999 966 5055 ecclesiastica

180 5089 534 5159 urstuctioneeompellunt.
561 5089 629 5156 Quia
644 5106 710 5146 rere
734 5092 884 5162 transgredi
912 5107 966 5147 uon

181 5183 310 5237 detrernus
320 5183 475 5237 terminosa
489 5185 615 5252 patriltrrs
629 5185 731 5240 nostris
746 5186 909 5241 constitutos
919 5194 967 5242 aut

184 5273 278 5329 ialceru
294 5274 320 5327 iu
336 5286 451 5327 messem
467 5276 575 5329 mittere
593 5274 720 5342 alienam,
733 5275 967 5345 ruaudaruusqua-

185 5374 262 5420 teuus
278 5362 468 5433 praedictorum
482 5365 601 5421 locorruu
615 5367 741 5436 praelatos
757 5376 785 5421 ut
799 5368 851 5423 sibi
864 5369 966 5422 nullaru

183 5457 210 5511 in
228 5456 962 5527 predictosdcconeuseshabitatoresjurisdictionem

183 5554 323 5616 usurpent,
336 5559 387 5602 uec
398 5547 431 5602 ab
447 5549 489 5604 eis
500 5548 659 5621 temporalis
670 5550 782 5621 erigant
795 5549 895 5630 quilius
911 5550 968 5620 spi·

219 5720 274 5793 tet)
289 5720 350 5779 Lib.
367 5724 482 5794 r,cpist.
500 5722 566 5781 tlt.

1016 4563 1066 4617 pro
1080 4563 1130 4604 suo
1145 4548 1218 4605 cultu
1234 4551 1382 4615 concessit,
1396 4550 1470 4617 laici,
1485 4552 1508 4606 si
1523 4552 1618 4605 moniti
1630 4548 1700 4604 lorte
1711 4548 1804 4603 nolue-

1017 4640 1081 4706 rint,
1095 4640 1278 4695 ecclesiastica
1294 4640 1348 4695 siut
1358 4639 1527 4694 districtione
1539 4638 1661 4710 cogendi,
1671 4645 1803 4708 praetextu

1017 4733 1144 4801 nequitiae
1156 4730 1316 4787 clericorum
1336 4738 1473 4800 nequeunt
1486 4746 1533 4785 eas
1548 4728 1618 4794 aliis,
1639 4729 1691 4783 uisi
1706 4729 1804 4799 quilius

1016 4837 1050 4876 cx
1067 4822 1293 4876 maurlatodivinu
1308 4822 1450 4885 rlelrerrtrrr,
1463 4838 1513 4891 pro
1525 4838 1580 4876 suae
1592 4822 1740 4876 uoluntatis
1761 4836 1804 4875 ar·

1015 4912 1098 4969 bitrio
1111 4926 1233 4981 erogare,
1250 4928 1310 4966 curn
1331 4912 1394 4965 nulli
1408 4912 1442 4967 sit
1460 4912 1563 4966 licitum
1583 4912 1669 4967 aliena
1689 4912 1805 4967 cuicun-

1018 5018 1070 5073 que
1083 5004 1231 5058 concedere
1244 5016 1341 5073 praeter·
1350 5004 1451 5057 domini
1463 5002 1639 5069 voluntatem,
1649 5018 1803 5074 quanquam

1016 5109 1067 5163 per
1077 5093 1284 5150 sollicitudiuem
1301 5094 1381 5149 ollicii
1394 5094 1538 5163 pastoralis
1549 5092 1641 5149 clerici
1662 5093 1715 5149 sint
1730 5108 1803 5150 asua

1018 5186 1137 5255 nequitia
1152 5186 1304 5241 coercendi.
1320 5186 1351 5242 lit
1365 5201 1427 5241 earn
1443 5187 1477 5241 dc
1487 5184 1594 5242 cunetis
1605 5183 1716 5239 omniuo
1742 5198 1804 5254 pro·

1019 5277 1144 5332 rentibus
1158 5276 1270 5331 decimae
1284 5278 1338 5332 siut
1361 5277 1506 5343 solvendae,
1536 5276 1607 5333 sicut
1635 5274 1748 5330 colonus
1772 5274 1805 5329 rle

1018 5377 1095 5437 parte
1111 5368 1246 5425 lructuum
1261 5384 1322 5439 qrrae
1334 5370 1385 5425 sllri
1410 5378 1533 5424 reruarret
1549 5368 1653 5423 ratione
1680 5366 1806 5429 cultura,

1019 5468 1097 5523 sicet
1111 5468 1235 5522 domiuus
1253 5468 1286 5523 de
1310 5468 1434 5537 portione
1458 5482 1539 5537 qrraru
1561 5463 1679 5535 percipit
1701 5461 1805 5518 ratione

1021 5566 1102 5613 terras
1116 5558 1249 5615 decimam
1267 5559 1381 5617 reddere
1408 5559 1466 5614 sine
1487 5554 1664 5613 diruiuutione
1686 5560 1811 5612 terretur„

1057 5722 1111 5795 (tsi
1127 5721 1185 5777 lib.
1201 5738 1232 5791 u,
1246 5722 1325 5792 epist.
1343 5720 1416 5778 ilia·
