4109 6325
313 352 379 408 tnttt
972 352 1167 411 tnttocenntt
1186 353 1219 408 tlt
1236 352 1288 409 ΡΡ.
1865 352 1932 409 tons

312 463 401 519 conniti
409 462 582 533 elevatione,
600 462 637 516 itu
652 464 722 532 uuotl
735 464 874 536 uuirtrigue
887 466 1005 523 seerriru.
1021 466 1095 521 Scri·
1110 477 1132 533 Α
1147 476 1200 522 tem
1221 476 1339 525 uestram
1359 476 1459 534 unarum
1484 480 1626 537 possumus
1651 464 1793 522 affectione
1809 481 1935 538 rogamus

309 564 381 623 pluru
400 564 541 623 estsuper
563 555 613 608 dec
635 551 696 609 eliis
716 556 917 626 quampluribus
933 556 1098 627 primipilus
1147 570 1175 616 et
1193 562 1323 616 attentius
1340 557 1525 631 supplicamus
1538 569 1684 628 qnatenus,
1700 559 1869 615 devotionem
1887 576 1934 615 no

309 644 472 699 Alentartnitc
485 643 513 699 in
526 645 644 699 enratleru
659 646 843 716 peremerunt.
1148 660 1230 707 stram
1253 660 1281 706 et
1304 660 1409 720 petrum
1439 660 1612 715 nostrorum,
1640 650 1715 721 regni
1738 651 1820 705 etiam
1848 654 1935 705 uestri

342 734 1097 809 erraretisnutnpurupuerauprnpuuetujurmruuu
1147 742 1279 797 sincerius
1308 743 1461 806 intuentes,
1490 740 1549 796 rice
1580 749 1674 796 mutua
1701 757 1750 797 nos
1773 752 1801 799 et
1822 758 1934 813 tegetum

307 825 426 894 gerimus
436 836 464 881 et
479 835 619 897 acceptum
635 828 707 899 qured
723 830 886 886 uerteralrilis
903 829 988 888 irater
1004 840 1098 887 noster
1148 843 1269 889 uestrum
1285 842 1312 887 et
1334 834 1440 903 negotia
1456 834 1588 889 honorem
1610 841 1732 888 nostrum
1749 834 1935 905 contingentia

308 914 480 972 Uoiottieltsis
502 917 723 989 archiepiscopus
747 929 776 974 et
793 920 839 975 atti
864 920 941 977 attriti
961 922 1097 993 principes
1147 922 1224 978 oeldo
1240 922 1413 992 benignitatis
1425 932 1520 977 restrae
1531 922 1678 992 dignemini
1692 922 1882 992 contemplari.
1893 924 1935 979 Ad

308 1006 473 1063 dieruauuiur
492 1008 605 1065 dilectos
618 1010 698 1077 filios,
713 1020 778 1079 ete,
794 1014 822 1067 iu
841 1014 959 1068 eumdem
971 1013 1025 1083 {ere
1040 1028 1097 1066 ruo-

246 1090 253 1097 *
306 1100 502 1171 duruuapueiu
516 1102 605 1171 firtetn.

671 1194 729 1249 Xll.

571 1300 695 1341 currens
708 1300 833 1343 mererent.

341 1379 503 1439 lleterendo
518 1378 544 1433 in
558 1377 668 1432 Cirristo
684 1359 756 1431 P'atri
767 1385 796 1431 et
810 1377 919 1431 donnino
933 1376 1096 1433 innuerurto

305 1488 385 1531 sacro
406 1479 508 1528 sancte
530 1468 660 1525 Rornattae
690 1466 819 1523 Ecclesia
840 1482 947 1523 sumtuo
962 1468 1094 1537 poutiiiti,

304 1562 459 1625 Petaurus,
472 1560 519 1615 liei
528 1558 810 1630 gratiailomanurutn
825 1570 871 1611 rer
883 1566 910 1612 et
920 1571 1027 1627 semper
1040 1558 1095 1612 du·

305 1664 410 1725 gustus,
430 1652 543 1707 salutem
560 1660 587 1703 et
601 1646 708 1701 filialem
724 1647 905 1702 elevationem.

339 1742 514 1801 internitens
530 1749 626 1795 restrn
646 1738 758 1793 rtuutios
782 1736 972 1795 Sutrineusem
985 1740 1093 1810 episeo-

1147 1013 1215 1077 luee,
1232 1027 1293 1067 enm
1311 1028 1357 1067 rex
1377 1012 1481 1083 erigii-u
1497 1028 1544 1083 per
1565 1015 1606 1069 las
1618 1023 1645 1069 et
1667 1015 1743 1069 uelas
1758 1016 1872 1085 pecunia
1886 1030 1936 1069 sua

1147 1104 1284 1159 tuedirrute
1310 1115 1435 1174 nepotem
1462 1120 1540 1159 sumu
1568 1106 1602 1159 ad
1634 1106 1800 1177 imperialem
1830 1108 1935 1176 apicem

1146 1204 1257 1249 canetur
1272 1194 1422 1263 intrudere,
1438 1210 1485 1250 uos
1501 1195 1654 1251 nuliatenus
1666 1196 1846 1253 intrusionem
1862 1198 1936 1255 iilam

1145 1284 1167 1341 si
1181 1284 1276 1353 placet,
1292 1284 1396 1341 deletis
1411 1286 1552 1344 aduutittere
1574 1286 1645 1357 quod
1664 1287 1691 1341 in
1714 1288 1891 1359 opprobrium
1910 1297 1938 1343 et
1993 1328 1996 1335 .

1145 1374 1334 1429 detrimentum
1345 1390 1454 1431 coronae
1464 1385 1564 1431 uostrae
1576 1378 1748 1447 cognoscitur
1763 1378 1935 1443 redundaru;

1146 1480 1195 1519 nec
1212 1480 1261 1521 nos
1280 1467 1417 1523 eredimus
1435 1468 1506 1538 grtod
1532 1483 1580 1524 ros
1596 1469 1743 1539 quidquam
1763 1469 1789 1525 in
1809 1473 1936 1541 prasenti

1144 1564 1216 1611 statu
1235 1557 1261 1611 iu
1284 1556 1468 1627 prejudicium
1492 1568 1615 1615 nostruin
1641 1560 1761 1615 debeatis
1787 1562 1936 1628 sustinere,

1144 1660 1205 1699 eum
1224 1661 1272 1701 uos
1289 1645 1331 1701 uei
1346 1647 1431 1703 nostri
1451 1648 1516 1702 nituit
1533 1664 1650 1719 unquam
1666 1655 1759 1705 centra
1784 1650 1934 1707 liottranuna

1145 1738 1292 1794 Ecclesiam
1307 1740 1543 1806 attentaverimus,
1556 1756 1736 1813 necunquam
1750 1758 1799 1813 per
1813 1742 1860 1797 Dei
1875 1760 1935 1813 gre-

302 1852 366 1906 pmu
385 1845 413 1891 et
427 1836 553 1889 altinatem
568 1830 676 1886 Sancte
688 1830 849 1895 suasuris,
862 1829 937 1885 rinos
953 1829 1093 1899 religiosos
1109 1820 1130 1877 ii
1146 1829 1208 1885 tiara
1224 1830 1380 1887 curabimus
1402 1842 1548 1901 attentare.
1573 1833 1666 1897 Porro,
1683 1834 1715 1891 de
1730 1833 1855 1906 Plrilippo
1873 1853 1934 1907 rege

303 1921 1091 1995 etdiseretos,uuosotitrustramtlestiuastisptesentiam,

304 2020 422 2090 berrigue
437 2016 601 2084 recepimus,
617 2022 673 2067 tum
689 2020 802 2083 propter
816 2021 934 2067 nestram
948 2024 976 2067 et
988 2012 1092 2069 linum·

303 2129 346 2169 nae
364 2110 495 2167 Ecclesiae
520 2107 714 2171 reuerentiam,
728 2114 784 2159 turn
807 2105 890 2160 etiam
912 2104 947 2161 ob
970 2107 1091 2173 ipsorum
1113 2100 1117 2107 ’

301 2206 490 2266 inculcantem,
507 2208 534 2254 et
555 2214 587 2253 ea
605 2212 664 2267 quer
685 2210 719 2253 ex
741 2205 818 2266 parte
834 2206 923 2251 restra
939 2197 990 2267 ipsi
1011 2197 1091 2253 neiis

300 2293 464 2349 intimarunt
492 2289 525 2344 ati
557 2288 665 2359 plenum
688 2286 844 2355 liquidoque
869 2285 1028 2357 collegimus
1049 2287 1091 2341 in-

303 2386 424 2442 tellectu.
442 2382 519 2453 Quod
534 2390 626 2435 antem
649 2377 778 2447 prefatos
799 2375 871 2431 tirus
891 2377 984 2430 tandiu
1001 2377 1092 2433 uulsis-

299 2494 362 2536 cum
384 2477 563 2538 delirruimns,
580 2487 630 2527 nee
645 2484 693 2524 eos
705 2475 803 2522 restrre
816 2466 972 2521 remisimus
989 2468 1092 2521 saucti-

302 2572 362 2635 tati,
375 2570 445 2625 seire
458 2581 506 2622 ros
520 2564 645 2634 cupimus
657 2560 744 2615 idalia
758 2560 791 2613 de
802 2572 884 2612 causa
897 2573 949 2612 nou
959 2559 1092 2615 accidisse

299 2663 352 2719 nisi
371 2663 445 2732 quod
466 2666 621 2714 ttestrorutn
645 2654 779 2707 iractcuus
796 2649 984 2720 praestolantes
1007 2648 1089 2705 duem

279 2766 282 2770 ’
299 2755 483 2827 negotiorum,
498 2750 634 2805 robiseos
648 2754 711 2816 post
722 2746 781 2800 itare
795 2744 937 2801 remittere
952 2744 1092 2811 disposue-

298 2863 405 2915 ramus,
419 2853 447 2901 et
460 2860 509 2915 per
521 2859 569 2899 eos
579 2843 645 2913 quid
659 2841 788 2897 Ecclesiee
803 2849 831 2896 et
850 2838 954 2908 imperii
971 2853 1091 2895 coruum·

300 2942 343 2996 dis
364 2939 529 2995 courduccret
553 2943 582 2989 et
607 2932 780 2988 dilectionem
806 2929 963 2987 discretioni
991 2940 1089 2985 restru

298 3030 448 3087 irrsiuuarc.
461 3027 497 3081 At
511 3022 685 3093 nunc,t1uia,
698 3020 788 3075 divina
798 3018 918 3077 iaciente
933 3018 1089 3084 clementia,

298 3138 347 3194 per
359 3136 441 3194 qaam
463 3118 606 3174 uniuersus
626 3121 705 3171 aetus
720 3119 827 3171 nostros
839 3113 962 3186 cupimus
976 3110 1088 3170 feliciter

298 3214 469 3288 prosperari,
492 3213 580 3268 notior
605 3218 698 3266 noster
718 3207 839 3264 debiturn
865 3208 982 3277 sumpsit
1000 3208 1088 3262 inere-

299 3315 420 3364 mentum
433 3316 461 3360 et
474 3303 604 3375 grtidquid
617 3309 711 3356 corrtra
726 3311 776 3354 tuos
795 3297 968 3354 aduersitatis
991 3297 1087 3352 nacte·

298 3417 351 3457 nus
364 3408 512 3455 etnetserat
529 3410 599 3466 pene
621 3393 770 3464 sopivimus
783 3399 811 3447 et
831 3405 880 3461 pro
896 3398 987 3445 nostra
1000 3387 1086 3444 credi·

298 3491 507 3548 musdetiueere
524 3481 679 3549 rulurttate,
702 3491 813 3554 accepto
829 3480 945 3538 coneilio
971 3479 1087 3536 taurita-

299 3585 369 3640 rium
383 3590 538 3638 nostrerum
565 3582 593 3630 et
617 3573 734 3630 iidelium
753 3573 836 3630 curie
862 3581 963 3628 nostre
983 3584 1087 3640 praeuo·

1142 1922 1310 1979 dietuaunise
1335 1924 1440 1979 nouerit
1466 1925 1597 1980 sanctitas
1623 1934 1712 1980 restra
1740 1927 1811 1995 qurud
1839 1929 1861 1981 si
1888 1930 1935 1981 ati·

1143 2012 1251 2082 qutando
1264 2022 1341 2081 pater
1354 2013 1412 2085 ejus
1425 2013 1467 2069 rei
1479 2014 1564 2069 irater
1576 2015 1724 2071 Romanam
1740 2014 1893 2071 Ecclesiam
1906 2018 1933 2071 in

1142 2103 1233 2175 aliquo
1246 2102 1417 2169 effunderint,
1437 2120 1486 2161 nes
1503 2106 1634 2161 dolemus.
1652 2108 1823 2177 degeneretis
1842 2117 1933 2161 antem

1142 2207 1202 2261 quire
1221 2194 1291 2249 inter
1312 2177 1457 2249 Ecclesiam
1481 2204 1509 2250 et
1526 2192 1667 2265 imperinm
1692 2196 1794 2251 diutins
1815 2198 1934 2252 actitatae

1142 2294 1205 2339 sunt
1229 2284 1375 2353 predictus
1399 2300 1445 2360 rer
1470 2286 1637 2342 Aiemenuite
1662 2287 1800 2359 Pitilippns
1820 2290 1934 2344 consilio

1142 2384 1246 2441 nostre,
1265 2370 1333 2431 sieut
1362 2379 1471 2443 asserit,
1492 2388 1604 2447 paratus
1628 2388 1670 2434 est
1694 2382 1886 2449 aeuruieseere,
1905 2392 1931 2436 et

1141 2474 1295 2537 prunestre
1319 2468 1406 2536 gratia
1430 2476 1458 2523 et
1482 2467 1608 2523 Ecclesiae
1626 2467 1773 2523 obtinenda
1794 2471 1931 2537 interris,

1141 2565 1270 2625 castellis.
1285 2564 1514 2635 possessionibus,
1531 2565 1644 2629 pecunia
1659 2567 1741 2619 tntum
1755 2570 1932 2635 competenti,

1141 2658 1175 2713 de
1199 2656 1312 2713 oonsilio
1340 2666 1434 2712 nostro
1458 2672 1488 2711 se
1518 2664 1648 2725 perpetuo
1674 2656 1775 2712 soetit'l'e
1803 2658 1879 2713 rolris
1905 2668 1933 2713 et

1141 2748 1268 2805 Ecclesite
1297 2748 1426 2821 obligare.
1453 2746 1529 2815 Quod
1556 2749 1579 2803 si
1604 2749 1709 2819 ipsein
1735 2752 1786 2807 ltoe
1815 2752 1932 2807 eotrsiliu

1141 2848 1235 2895 nostro
1253 2854 1306 2894 non
1331 2840 1527 2911 aequuiesecret,
1547 2839 1604 2909 ipse
1623 2856 1672 2895 nos
1693 2841 1846 2899 nullatenus
1861 2845 1932 2897 attri-

1140 2944 1201 2985 cum
1214 2928 1356 2983 inueniret.
1370 2929 1410 3001 Ad
1422 2928 1492 2994 haec,
1506 2929 1539 2984 de
1554 2928 1679 2986 materiato
1693 2940 1819 2987 restruet
1833 2944 1933 2987 auctu·

1142 3022 1220 3077 ritate
1239 3038 1324 3094 usque
1345 3023 1378 3078 ad
1396 3024 1611 3093 quinquennium
1635 3033 1738 3097 treugas
1758 3026 1887 3083 dedimus
1902 3038 1933 3082 et

1142 3112 1339 3180 lidueiatimus.
1352 3122 1478 3184 tanquam
1490 3115 1536 3186 qui
1550 3115 1675 3174 troinmns
1687 3117 1713 3172 in
1728 3118 1761 3174 iis
1773 3118 1816 3174 uel
1827 3117 1855 3173 in
1870 3118 1932 3176 aliis

1141 3203 1269 3260 uoluntati
1296 3204 1451 3276 apostolice
1472 3207 1619 3270 contraire,
1643 3218 1670 3263 et
1689 3207 1758 3264 sieut
1775 3207 1847 3262 later
1864 3225 1932 3280 prn-

1138 3294 1253 3350 sentiunt
1268 3300 1295 3349 et
1316 3293 1361 3348 alii
1378 3292 1453 3347 robis
1471 3303 1597 3362 peterent
1615 3297 1754 3364 intimare,
1770 3299 1927 3354 mandatum

1138 3394 1258 3441 restrum
1273 3383 1387 3439 tirmiter
1400 3384 1499 3438 ieiunus
1516 3388 1664 3454 prosecuti.

1497 3475 1568 3532 xlv.

1292 3585 1418 3626 iai'i'i'EMi
1438 3586 1580 3629 entttctrtl!
1600 3587 1771 3630 ΑιΙΙΑΝΝΙΒ.

299 3675 418 3729 uriuatos
437 3669 510 3723 riro's
535 3667 569 3724 ad
586 3681 635 3720 uos
655 3677 741 3733 usqtte
763 3662 926 3718 remittimus
946 3704 953 3718 .
970 3663 1006 3718 de
1020 3677 1086 3732 quo·
1172 3662 1329 3719 ileterendo
1345 3661 1489 3718 inCirriste
1503 3663 1576 3720 Patri
1591 3673 1619 3720 et
1631 3665 1742 3720 dominu
1758 3665 1929 3734 isrecrnrte,

298 3780 358 3820 runa
373 3777 425 3818 non
450 3759 586 3816 immerite
608 3756 776 3814 confidentes
796 3754 949 3824 prudentia,
975 3755 1086 3810 uerbum
1137 3763 1238 3810 nancte
1252 3753 1380 3810 ilouraue
1396 3755 1523 3812 Ecclesite
1540 3771 1646 3813 summo
1666 3761 1798 3828 pontifici.
1816 3761 1929 3818 Germa-

298 3864 421 3911 rroutrunt
432 3865 539 3922 percos
551 3859 650 3905 sestree
663 3846 867 3904 edisserendum
881 3847 1008 3902 ducimus
1020 3859 1082 3902 san·
1137 3845 1244 3900 uiarum
1270 3847 1405 3917 principes
1433 3855 1461 3902 et
1484 3857 1643 3918 nagttates,
1668 3850 1695 3904 iu
1724 3850 1835 3906 Clrriste
1869 3853 1927 3916 dlii,

296 3945 397 4009 utitati,
430 3952 556 4014 rogantes
585 3939 714 3996 attentius
752 3947 781 3994 et
809 3938 952 3993 irorutntes
979 3951 1028 3993 sos
1054 3943 1086 3994 ut
1137 3935 1375 4008 iiagdeburgensis
1393 3938 1624 4011 archiepiscopus,
1645 3941 1818 3999 'trevirensis
1837 3943 1928 3998 arciri·

298 4039 390 4095 reriuis
407 4038 528 4107 ipsorum
557 4035 638 4090 idern
665 4031 817 4088 attitilreatis
838 4029 1037 4096 irnluititatann,
1058 4039 1086 4086 et
1137 4029 1454 4100 episeopus,llisuutinar
1469 4032 1540 4087 sodis
1557 4033 1928 4104 aroltiepiseupus,itatispe-

298 4147 331 4187 ea
356 4145 418 4202 quse
448 4127 477 4184 n⁴
493 4126 572 4182 nubis
606 4133 769 4195 acceperuut
804 4124 1084 4194 tebis'proponcurla
1135 4123 1929 4196 utensisepiscopus,i'risiugeusisepiseuprrs,dttgusteu·

299 4232 359 4293 pte,
385 4221 455 4278 sieut
480 4217 624 4282 contenit,
655 4224 683 4271 ut
715 4213 876 4272 allectuose¹
893 4214 989 4272 audire
1022 4229 1085 4286 pro·
1135 4219 1173 4274 sis
1187 4216 1340 4288 episcopus,
1356 4216 1574 4272 Corrstantiensis
1585 4216 1741 4286 episcopus,
1758 4216 1928 4272 Eistedensis

297 4314 411 4372 curetis.
1135 4309 1292 4380 episeopus,
1307 4307 1518 4366 Wormatieusis
1534 4310 1688 4380 episcopus,
1707 4307 1846 4378 Spirensis
1869 4311 1928 4379 epi-

657 4395 725 4452 Xlli.
1135 4414 1249 4470 scopus,
1266 4395 1415 4452 Bririensis
1427 4396 1542 4464 electus,
1561 4399 1770 4454 llildesenrensis
1785 4399 1928 4468 episcopus

420 4503 545 4550 uttrsu
567 4503 680 4544 rutilent
700 4499 777 4542 11111
796 4500 963 4542 intuentum
1099 4495 1122 4554 n
1138 4490 1285 4561 irruperialis
1297 4489 1364 4544 autre
1377 4487 1565 4552 caracellarius,
1579 4489 1663 4545 abbas
1677 4489 1831 4554 Fuldeusis,
1845 4491 1929 4545 albus

332 4584 513 4642 sanctissino
524 4580 598 4638 Pelii
613 4587 641 4636 el
652 4577 762 4633 d0¹l¹i¹¹⁰
777 4576 935 4632 [1110111110
951 4575 1010 4641 011»
1024 4591 1084 4646 8111·
1136 4581 1351 4646 liersreidensis,
1365 4579 1449 4635 abbas
1463 4579 1497 4634 dc
1512 4578 1639 4650 Tegerse,
1655 4579 1736 4634 abbas
1750 4579 1928 4647 Elnacensis,

297 4680 335 4736 tla
345 4683 527 4737 sacrosancte
540 4681 568 4729 el
582 4669 744 4727 uttit'erStlis
757 4667 885 4726 Ecclessioe
897 4683 1003 4723 summo
1017 4683 1084 4738 poll·
1136 4677 1198 4730 item
1212 4689 1259 4729 rex
1274 4673 1421 4739 Boheruiae,
1438 4672 1491 4727 tius
1506 4669 1641 4738 Senoniae,
1654 4674 1706 4728 dux
1718 4671 1861 4739 Bawariae,
1875 4675 1928 4728 e'nr

298 4771 374 4836 tilici,
397 4768 559 4824 cltariseime
580 4763 782 4834 consanguinee
804 4769 915 4826 nostre,
940 4758 1084 4816 Pntutrrus
1134 4765 1268 4829 Austriae,
1284 4764 1337 4818 dur
1360 4761 1498 4829 ilerauiae,
1515 4763 1568 4818 dur
1587 4761 1788 4834 Lolliaritugiae,
1805 4763 1928 4832 utaretuie

296 4861 390 4916 eadent
414 4859 502 4928 gratia
520 4857 685 4912 Francorum
706 4868 765 4920 rex,
789 4851 902 4908 salutent
924 4859 951 4905 et
969 4850 1083 4906 tamde·
1134 4854 1328 4918 iiissenensis,
1355 4853 1477 4910 marchio
1508 4853 1777 4923 Brendeburgensis,
1805 4855 1927 4908 ururelrio

295 4952 359 5008 tritae
375 4966 457 5022 utram
470 4951 573 5006 deuote
584 4946 760 5018 strbjeetionis
772 4943 944 5014 obsequium.
1133 4945 1269 5012 liorariar,
1284 4943 1407 5001 marchio
1419 4944 1452 4999 de
1465 4944 1642 5015 liumesporc,
1656 4945 1755 5016 aliique
1770 4947 1855 5001 tetius
1866 4946 1927 4999 Ale·

328 5043 409 5100 Novit
422 5052 518 5100 saneta
537 5041 686 5113 paternitas
705 5047 805 5102 restra,
827 5037 903 5092 norit
920 5045 949 5094 el
965 5035 1082 5092 mundus
1133 5038 1250 5094 ruanuiae
1266 5036 1384 5104 nobiles,
1401 5037 1522 5092 debiturn
1540 5043 1568 5091 et
1580 5047 1702 5108 paratum
1715 5053 1777 5092 eum
1792 5037 1867 5092 orurti
1881 5037 1927 5090 de·

293 5135 429 5207 utromodo
444 5149 494 5190 uos
516 5141 545 5188 et
562 5130 750 5202 progenitores
769 5129 854 5186 nostri
879 5126 1007 5184 Ecclesiae
1025 5127 1080 5182 iio-
1133 5131 1239 5186 totimre
1254 5138 1281 5183 et
1294 5128 1425 5198 obsequio
1440 5127 1611 5184 luttrutatum.

218 5218 222 5226 ’
292 5244 382 5286 mattae
399 5226 592 5288 obedientiam,
607 5223 796 5287 reuerentiam,
815 5231 845 5288 et
863 5222 890 5275 iu
906 5220 1032 5276 ornnilrus
1055 5229 1082 5276 et
1167 5221 1329 5293 apostolieae
1344 5221 1520 5277 beatitudinis
1536 5219 1703 5288 eminentia,
1718 5235 1780 5290 quire
1793 5219 1847 5290 piis
1859 5233 1923 5286 sup·

290 5313 871 5392 Ν011111111111111111ῑ111115[1111111111.ιιεο
884 5327 1003 5383 unquam
1019 5326 1081 5372 ces·
1131 5315 1291 5398 plicantium
1313 5313 1503 5370 desideriiset
1523 5310 1665 5368 affectibus
1685 5323 1792 5384 gratam
1816 5325 1924 5382 semper

291 5413 363 5468 savit
377 5411 484 5468 deuotio
498 5418 601 5476 nostra,
614 5421 664 5464 uec
678 5407 796 5462 cessabit
811 5420 819 5459 r
835 5405 907 5476 enred
924 5420 976 5460 uun
991 5403 1080 5460 solunt
1117 5397 1272 5462 'consueuit
1297 5403 1431 5476 impertiri
1458 5403 1676 5460 benevolentiam
1704 5414 1732 5458 et
1760 5418 1922 5466 assertsum,

292 5514 415 5576 tempore
441 5501 615 5565 serenitatis,
638 5500 685 5556 seul
708 5508 736 5554 et
761 5498 955 5563 aduersitatis,
979 5510 1030 5550 nos
1053 5502 1081 5551 et
1132 5497 1236 5552 itrtuam
1275 5497 1446 5552 universitati
1477 5505 1578 5552 nostre
1612 5495 1805 5552 certitudinem
1839 5495 1923 5550 aduri-

292 5611 406 5668 regnum
424 5603 547 5653 nestrum
568 5591 714 5648 etiieaciter
736 5589 931 5660 comprobarit.
957 5587 1022 5642 iude
1039 5593 1080 5642 est
1131 5591 1228 5644 nistret
1242 5587 1314 5660 qrtoul
1328 5587 1354 5641 iu
1366 5586 1400 5640 iis
1410 5601 1470 5658 uuae
1482 5601 1497 5640 a
1509 5586 1655 5642 sanctitate
1670 5595 1761 5642 restra
1771 5584 1922 5653 justissime

291 5690 363 5759 gued
376 5704 426 5748 nes
439 5692 473 5746 tie
489 5690 595 5746 meritis
613 5688 688 5759 regui
706 5687 791 5742 nostri
810 5695 839 5742 et
851 5685 1079 5756 praedeeessorum
1130 5679 1297 5754 postulaturus
1312 5678 1505 5750 berriguitatem
1529 5679 1705 5751 apostolicam
1727 5679 1877 5738 debeamus
1895 5686 1921 5734 ct
2016 5761 2019 5770 γ

211 5781 215 5786 “
269 5765 446 5838 'mstmruut
464 5789 492 5837 et
510 5779 611 5837 nostris
629 5773 1079 5849 pleniuscoulidontes,sauctita-
1131 5772 1158 5829 iu
1174 5769 1343 5828 exaudiendo
1362 5772 1514 5842 persentire
1532 5769 1638 5830 incitem
1659 5779 1687 5828 ot
1705 5771 1733 5826 in
1748 5771 1921 5844 exsequendo
2014 5779 2018 5792 ·
