4109 6325
262 350 326 405 tal·
696 344 894 405 tnnoten‘rtt
915 346 946 403 tlt
969 347 1020 406 PP.
1042 348 1279 411 nuccstdntltt
1295 350 1361 408 tta.
1377 350 1446 409 Xlll.
1838 352 1893 410 {92

587 463 726 523 Cblllllll.
1068 476 1091 532 Α
1105 470 1200 527 Sancti
1210 471 1303 545 dngcli
1317 474 1343 527 in
1356 469 1573 527 Conraculreum
1587 466 1713 524 omnibus
1722 466 1896 539 pertiuentiis

261 570 464 616 astructorem
487 571 610 613 srrscoro
634 573 789 625 rurarrnu,
810 574 921 622 sausoua
945 574 1056 616 succes·
1104 563 1171 619 nris.
1183 563 1212 618 lu
1227 572 1319 619 monte
1334 560 1450 618 oderisii
1461 560 1603 617 ecelesiam
1623 559 1715 616 Sancti
1729 559 1832 617 Nicolai
1845 602 1853 628 ,
1867 572 1897 617 ct

299 664 405 709 marrus
422 663 550 703 cauonres
570 664 780 707 suosrrruermrs
800 666 826 705 ra
846 664 1015 706 rnnrrruurr.
1105 655 1274 711 rnedietatem
1286 651 1788 715 ecelesiaeSanctrellariae‚eecleslam
1800 652 1895 711 Sancti

421 739 459 793 Dc
477 739 675 807 corrprarmiene
690 742 892 812 priuilepionnn.
1106 744 1274 810 salvatoris,
1288 753 1316 800 et
1330 742 1473 799 ecclesiam
1493 743 1586 798 Sancti
1600 741 1672 797 Petri
1683 758 1745 798 eum
1756 743 1895 814 pertinen·

403 830 561 897 (Laterani,
582 848 628 888 arv
644 832 705 887 llal.
727 832 908 905 Noverrrbris).
1106 835 1150 893 tiis
1163 850 1280 901 earnm,
1302 833 1497 889 monasterium
1513 834 1606 889 Sancti
1623 832 1708 888 llaurl
1732 848 1794 889 cum
1811 831 1895 889 bene·

298 924 326 980 ln
342 924 470 979 eminenti
491 924 731 996 sedisapostolicae
754 925 878 997 specula,
894 927 1055 995 disponente
1105 928 1167 983 licio
1190 942 1254 994 suo,
1288 928 1485 985 monasterium
1511 926 1605 981 Sancti
1633 924 1724 991 Salii,
1749 923 1894 981 eeclesiam

262 1018 397 1085 bornirro,
420 1018 578 1083 constituti,
594 1034 628 1074 cx
643 1018 765 1090 injuncto
784 1019 862 1072 nobis
880 1034 894 1072 a
914 1017 969 1073 beo
989 1034 1055 1087 apo·
1106 1016 1199 1073 Sancti
1221 1016 1325 1073 Nicolai
1348 1020 1382 1073 de
1399 1016 1569 1073 Ercoritorio.
1585 1014 1614 1071 lu
1634 1014 1736 1071 Ortona
1750 1014 1894 1071 ecelesiam

263 1108 376 1165 strrlatrrs
387 1108 476 1165 obicio
489 1109 587 1166 iratres
599 1121 707 1167 nostros
720 1110 1053 1181 episeopossinceraelra·
1106 1110 1213 1167 Sanctae
1228 1110 1319 1168 llariae
1340 1122 1369 1169 et
1388 1111 1483 1168 Sancti
1495 1110 1603 1181 Georgii
1623 1125 1685 1166 eum
1701 1126 1796 1166 earum
1811 1110 1895 1181 perti-

263 1198 344 1254 ritatc
357 1200 467 1271 diligere
481 1210 510 1256 et
529 1201 658 1258 Ecclesiis
673 1202 723 1257 sibi
739 1204 893 1257 commissis
907 1218 985 1259 suam
1008 1204 1055 1258 dc·
1105 1202 1204 1258 ncrniis
1216 1243 1224 1267 ,
1238 1203 1432 1259 monasterinm
1455 1202 1562 1258 Sanctae
1576 1201 1667 1255 llariac
1684 1200 1711 1255 in
1726 1200 1850 1257 basilica.
1864 1199 1893 1253 br

262 1289 359 1345 iremus
378 1290 509 1361 justitiam
533 1306 712 1358 conservare,
739 1308 787 1363 pro
803 1293 921 1362 ipsorum
947 1308 1055 1364 quoque
1105 1294 1216 1351 ciuitate
1229 1294 1362 1363 erparelli
1377 1294 1483 1365 plebem
1495 1292 1588 1349 Sancti
1598 1292 1671 1347 l‘ctri
1683 1306 1745 1346 euin
1756 1291 1895 1360 pertinen·

157 1393 161 1401 ·
263 1390 334 1436 statu
353 1397 401 1436 nos
416 1391 522 1451 oportet
544 1393 682 1454 satagere,
706 1390 786 1453 atrpre
801 1398 894 1438 eorum
908 1383 991 1453 qrrioti
1010 1399 1055 1439 sa·
1108 1387 1237 1455 tiissuis,
1250 1387 1442 1443 monasterium
1459 1384 1551 1441 Sancti
1566 1382 1657 1439 blandi
1674 1383 1700 1437 in
1716 1382 1833 1449 Palatio,
1846 1396 1893 1437 ec·

263 1472 391 1542 lubnter,
406 1474 553 1529 arrrilinntc
571 1475 698 1535 bomine,
722 1474 873 1545 providere.
891 1474 1053 1547 llapropter,
1105 1478 1216 1537 elesiarn
1232 1479 1325 1535 Sancti
1339 1477 1433 1535 lacobi
1447 1479 1481 1532 dc
1498 1475 1623 1531 Trrrcclla
1634 1490 1709 1534 ,cum
1722 1474 1894 1543 pertinentiis

264 1564 428 1619 venerabilis
440 1565 466 1619 in
480 1563 588 1619 cbristo
603 1565 744 1636 episcope,
767 1569 821 1623 tuis
835 1566 916 1636 jrrstis
931 1569 1054 1637 postula·
1105 1574 1179 1640 suis,
1198 1572 1391 1629 monasterium
1407 1570 1499 1626 Sancti
1515 1567 1675 1635 Pancratii,
1698 1568 1894 1624 monasterium

265 1655 384 1711 tionibus
395 1655 541 1712 elerrrerrtcr
552 1658 713 1723 annuimus,
725 1666 752 1714 ct
767 1660 800 1713 ad
814 1658 953 1727 eaernplar
968 1658 1055 1716 lelicis
1106 1659 1214 1717 Sanctae
1224 1659 1316 1717 ilarius
1325 1660 1359 1716 de
1372 1659 1453 1716 Lecto
1465 1674 1526 1715 cunr
1536 1658 1622 1714 casali
1635 1657 1750 1728 aliisque
1760 1656 1794 1711 ad
1806 1656 1896 1726 ipsum

266 1744 403 1800 memoriae
416 1744 537 1812 Nicolai,
555 1746 711 1812 Pambotis,
725 1748 836 1818 Errgeull
846 1787 853 1812 ,
865 1749 1010 1805 Alexandri
1026 1760 1055 1804 et
1106 1754 1320 1825 pertinentibus,
1336 1753 1530 1809 monasterium
1542 1751 1636 1808 Sancti
1647 1749 1753 1805 llartini
1766 1748 1794 1803 in
1807 1746 1894 1811 Valle,

265 1832 414 1889 Clementis
438 1834 666 1905 predecessorum
688 1847 843 1894 nostrerum
869 1837 1053 1894 Romanorum
1069 1810 1090 1865 B
1105 1844 1297 1901 monasterium
1321 1842 1415 1899 Sancti
1440 1839 1510 1897 lusti
1531 1842 1560 1897 in
1587 1839 1726 1897 decosule.
1750 1837 1779 1893 ln
1802 1844 1895 1893 eastra

265 1923 423 1989 pontiderrm
439 1926 510 1981 beati
524 1925 635 1983 Tbomae
647 1926 809 1984 Tlreatinam
821 1929 983 1995 Ecclesiam,
998 1930 1054 1997 cni,
1104 1935 1180 1993 coest
1195 1936 1300 2008 plepem
1316 1935 1424 1993 Sapere,
1447 1936 1539 1993 nactas,
1560 1950 1622 1991 enm
1642 1928 1894 2002 pertinentiissuia,

265 2015 379 2073 llornino
391 2026 636 2090 arrctore,praeease
646 2022 824 2093 dignosceris,
836 2024 886 2081 sulr
898 2023 967 2078 beati
980 2022 1054 2078 Petri
1105 2028 1209 2098 plebem
1226 2028 1319 2085 Sancti
1335 2028 1442 2085 llartini
1465 2028 1582 2083 liliorum
1596 2022 1732 2087 Treaidii,
1751 2020 1894 2077 eeclesiam

264 2117 289 2161 c·
307 2118 398 2164 nostra
416 2116 584 2181 protectione
594 2114 757 2183 suscipimus
768 2124 795 2170 et
806 2115 949 2185 proesentis
961 2115 1054 2185 scripti
1106 2122 1215 2176 sancte
1228 2119 1320 2176 uarie,
1332 2121 1366 2178 de
1376 2119 1446 2177 cass
1460 2116 1627 2182 eandiditla,
1642 2114 1785 2171 eeclesiam
1800 2110 1894 2167 Sancti

264 2199 402 2271 priuilegio
428 2202 642 2270 cornmuninrus,
667 2214 817 2263 statuentes
835 2214 866 2262 ut
880 2220 1056 2278 quascurrqrre
1105 2210 1178 2267 Petri
1206 2213 1338 2268 incastro
1359 2211 1443 2279 Lori,
1463 2210 1606 2267 ecclesiam
1633 2207 1741 2263 Sanctae
1762 2204 1853 2259 llariae
1867 2202 1894 2257 in

264 2293 467 2361 possessiones,
479 2310 647 2367 quaeeunque
668 2298 738 2353 bona
749 2336 757 2363 ,
770 2307 840 2365 ete,
854 2315 935 2369 arsque
949 2311 1057 2368 perma·
1104 2303 1205 2369 biario,
1222 2306 1367 2361 eeclesiam
1382 2301 1474 2360 Sancti
1485 2301 1581 2365 Blasii,
1595 2296 1789 2355 monasterium
1800 2292 1895 2349 Sancti

263 2394 360 2449 areant,
376 2384 403 2440 in
421 2387 519 2458 quibus
533 2388 591 2444 lraee
605 2390 723 2460 propriis
736 2390 863 2447 duximus
877 2391 1054 2461 exprimenda
1105 2396 1179 2452 Petri
1192 2397 1219 2452 in
1233 2410 1344 2465 canapo,
1356 2394 1500 2453 ecelesiam
1513 2392 1606 2448 Sancti
1620 2388 1723 2445 Nicolai
1738 2387 1773 2442 de
1783 2385 1896 2441 Suanno

263 2476 402 2533 roealrulis
421 2478 601 2535 :parochiam
617 2481 757 2538 'ilreatintc
770 2484 906 2553 ecelesiae,
921 2484 992 2541 sicut
1007 2500 1055 2539 an·
1106 2488 1196 2544 riculo
1208 2530 1217 2554 ‚
1231 2488 1375 2546 ecclesiam
1391 2488 1498 2544 Sanctae
1508 2486 1600 2543 llariae
1613 2486 1647 2541 dc
1659 2484 1777 2539 Laccnto
1788 2482 1816 2536 ia
1839 2479 1894 2535 ab

264 2564 345 2633 tiqnis
360 2574 388 2622 et
402 2566 483 2636 justrs
494 2569 625 2625 limitibus
648 2571 825 2637 terminatur,
838 2572 941 2629 scilieet
955 2572 1056 2629 aStal-
1105 2578 1214 2645 balcio,
1226 2579 1331 2651 piebem
1344 2578 1436 2635 Sancti
1453 2576 1561 2633 llartini
1572 2592 1633 2631 cum
1647 2573 1816 2647 pertinentiis
1826 2572 1894 2636 orris,

263 2658 309 2715 blo
324 2660 396 2715 inter
411 2672 534 2729 urentes,
559 2674 586 2719 et
606 2663 664 2735 ipso
680 2675 772 2722 mente
785 2666 819 2722 de
834 2664 923 2735 llrsa,
945 2676 972 2723 ct
986 2683 1056 2737 uuo·
1105 2669 1247 2726 eeclesiam
1271 2668 1363 2725 Sancti
1379 2668 1493 2724 loannis
1517 2668 1550 2723 de
1563 2666 1655 2737 plebe,
1673 2664 1778 2735 piebem
1792 2662 1826 2717 de
1845 2658 1895 2715 ln·

262 2752 344 2809 nrudo
358 2753 445 2825 pergit
470 2753 496 2810 in
521 2753 605 2823 Cela,
620 2764 648 2812 et
666 2758 742 2827 ponit
765 2759 909 2814 terminum
932 2759 959 2813 in
985 2774 1055 2830 aqna
1106 2760 1199 2826 liano,
1223 2761 1329 2831 plebem
1355 2759 1448 2815 Sancti
1472 2755 1612 2821 Cecolldi,
1635 2754 1740 2827 plebem
1763 2752 1797 2807 de
1813 2750 1896 2804 Piceo

263 2848 359 2902 nrbtrrs
375 2855 447 2903 terra
458 2862 543 2919 nsrpuc
557 2852 591 2905 ad
604 2864 701 2919 aquam
715 2850 865 2915 Sorrutam,
878 2860 905 2906 et
919 2854 1055 2922 quomodo
1106 2852 1257 2918 corbario,
1272 2849 1418 2907 ecclesiam
1434 2849 1542 2905 Sanctae
1564 2848 1654 2902 Lucia
1668 2846 1703 2901 de
1726 2842 1837 2913 depelli,
1850 2857 1896 2896 ee·

263 2939 350 3009 pergit
371 2940 397 2994 in
414 2940 499 3006 cola,
522 2951 550 2997 et
565 2942 640 3007 ponit
667 2943 813 3000 terminum
830 2944 856 2999 in
875 2958 944 3015 apua
959 2944 1056 3001 subtus
1107 2945 1217 3001 ciceiam
1242 2943 1336 3000 Sancti
1360 2942 1442 3008 Lini,
1462 2941 1567 3012 piebem
1590 2942 1625 2997 de
1650 2938 1767 3004 orcula,
1789 2938 1896 3009 piebem

263 3040 336 3085 terra
352 3032 485 3101 usquead
500 3047 599 3104 aquam
613 3034 745 3092 Sorrutarn
758 3072 766 3099 ,
781 3043 809 3091 ct
823 3036 956 3104 utromodo
969 3034 1056 3104 pergit
1108 3036 1215 3093 smus
1231 3035 1325 3092 llarice
1341 3035 1369 3090 iu
1394 3034 1484 3099 Valle,
1507 3032 1616 3103 plebem
1629 3030 1737 3087 Sauctze
1749 3028 1842 3085 ttartc
1862 3030 1896 3084 da

264 3137 349 3195 arsque
376 3124 401 3178 in
427 3132 544 3179 ruentem
569 3127 602 3180 de
628 3123 727 3191 Teste,
751 3133 779 3183 et
795 3125 869 3181 cadit
893 3139 941 3195 per
966 3124 1090 3206 Crinisc
1107 3127 1306 3193 caramanico,
1331 3126 1438 3198 plebem
1453 3125 1545 3182 Sancti
1568 3122 1682 3182 loannis
1698 3124 1732 3182 de
1752 3122 1894 3184 Abbateio,

263 3225 394 3280 montem,
408 3225 435 3270 et
447 3215 563 3284 rprallter
574 3215 662 3285 pergit
677 3232 761 3288 usque
776 3227 897 3274 montem
910 3217 1011 3282 Sclaai,
1026 3229 1055 3274 ct
1105 3220 1249 3278 ecclesiam
1265 3219 1357 3275 Sancti
1372 3217 1472 3274 Gesirlli
1496 3225 1524 3272 et
1537 3216 1681 3272 ecclesiam
1707 3213 1799 3270 Sancti
1818 3212 1895 3267 Porrti

263 3306 398 3373 qurerrrerlo
412 3305 500 3374 pergit
522 3306 549 3360 in
573 3307 661 3378 ipsum
678 3305 778 3363 ssumerr
792 3307 864 3378 quud
880 3307 982 3363 dicitur
992 3306 1055 3360 'lri-
1105 3313 1141 3366 de
1154 3308 1255 3365 Sancto
1269 3307 1424 3364 Valentino.
1436 3305 1465 3361 lrr
1476 3304 1589 3362 castello
1604 3305 1637 3360 (le
1649 3302 1739 3360 Toeeo
1753 3302 1895 3358 ecelesiam

262 3410 345 3464 pirum
365 3411 451 3466 usque
470 3397 503 3452 ad
527 3397 617 3452 littora
641 3402 725 3454 nrarls
737 3437 746 3464 ,
760 3405 787 3456 et
803 3413 851 3467 per
865 3398 954 3453 littora
970 3397 1055 3454 maria
1106 3398 1199 3454 Sancti
1218 3397 1376 3462 Eustacbii,
1391 3395 1535 3453 eeclesiam
1550 3394 1643 3452 Sancti
1659 3393 1768 3449 llartini
1780 3393 1814 3446 de
1826 3391 1895 3445 Fara

263 3501 350 3558 usque
364 3489 390 3543 in
408 3487 578 3556 Piscinam,
595 3496 623 3546 et
641 3491 711 3546 redit
723 3491 750 3545 ln
763 3491 883 3561 priorem
898 3491 1000 3558 llncnr,
1015 3492 1055 3546 ri·
1106 3494 1177 3546 inter
1190 3498 1296 3546 montes
1308 3528 1317 3556 ,
1329 3487 1473 3545 ecelesiam
1496 3485 1588 3542 Sancti
1602 3482 1716 3540 Joarrnis
1728 3483 1761 3539 dc
1779 3481 1893 3548 Pedaia,

265 3582 397 3637 deliretis
409 3581 492 3652 priori
503 3581 633 3640 Stullcllo.
647 3583 782 3638 Praeterea
794 3581 880 3653 ipsam
891 3583 1054 3640 Tireatinarn
1105 3581 1248 3638 eeclesiam
1264 3580 1357 3636 Sarrcti
1382 3577 1487 3634 nicolai
1511 3579 1544 3633 de
1561 3575 1730 3644 Cantalupo.
1753 3572 1894 3630 ecelesiam

264 3674 416 3738 civitatem,
432 3673 572 3730 castellum
588 3675 789 3739 Tririlianum,
806 3674 903 3732 tiliam
918 3675 1054 3746 Magnam,
1107 3673 1200 3726 Sancti
1213 3670 1364 3727 Salvatoris
1377 3669 1522 3736 chirrari,
1532 3668 1675 3724 ecclesiam
1687 3667 1794 3722 Sanctae
1805 3662 1896 3717 tiarae

264 3763 381 3821 Mortem
396 3764 513 3827 Filardi,
530 3767 672 3822 castellum
688 3765 771 3835 Orri,
787 3766 925 3823 castellnm
939 3765 1054 3831 linceis,
1106 3768 1140 3823 de
1152 3763 1308 3836 Sparpaiia,
1323 3762 1466 3820 ecclesiam
1479 3762 1587 3818 Sanctae
1605 3759 1695 3816 llarire
1708 3758 1743 3814 de
1756 3756 1829 3820 llice.
1851 3770 1896 3810 ec-

263 3856 405 3911 castellum
417 3855 508 3912 Sancti
517 3856 832 3928 Pauli,easteliumquod
844 3857 943 3914 dicitur
954 3857 1055 3924 Furca,
1106 3857 1218 3917 elesiarn
1232 3854 1325 3911 Sancti
1339 3853 1488 3910 saluatoris
1505 3855 1539 3908 de
1553 3852 1629 3910 l'atle
1640 3849 1739 3915 Surda,
1753 3847 1895 3902 ecclesiam

265 3945 405 4002 castellum
419 3945 586 4008 Genisteale.
602 3946 742 4004 castellum
758 3947 851 4004 Sancti
867 3947 978 4014 Cecidit,
992 3963 1055 4010 cum
1107 3951 1216 4008 Sancte
1230 3949 1322 4004 llarirc
1336 3948 1370 4002 dc
1385 3945 1461 4001 Valle
1473 3943 1627 4008 Corurclli,
1652 3939 1795 3996 ecelesiam
1811 3935 1895 3990 Sanc-

265 4051 358 4093 eorum
374 4037 555 4108 pertinentiis.
572 4036 647 4094 Ultra
664 4037 813 4094 Piscariam
830 4054 893 4096 uero
915 4040 1056 4096 castellum
1109 4044 1221 4098 tissinrac
1236 4041 1380 4097 Trinitatis
1393 4039 1427 4095 de
1442 4037 1564 4107 Fragne,
1579 4033 1723 4090 ecclesiam
1742 4027 1835 4085 Sancti
1851 4025 1896 4080 lo·

267 4132 366 4185 montis
380 4130 500 4197 Silvani,
516 4132 660 4188 eeclesiam
676 4131 783 4188 Sanet'ae
799 4131 891 4187 blariae
914 4132 941 4186 irr
957 4131 1056 4202 liipoli,
1108 4134 1187 4190 antris
1200 4133 1235 4188 de
1251 4131 1378 4197 vicaldo,
1391 4145 1454 4185 eum
1466 4128 1592 4186 omnibus
1606 4122 1777 4196 pertinentiis
1789 4134 1894 4183 canna,

266 4221 408 4277 castellnm
424 4221 576 4286 Scrrlcrrlas,
591 4222 731 4278 castellum
742 4222 899 4289 bastiniam,
915 4221 1056 4278 ecelesiam
1108 4227 1250 4283 eeclesiam
1259 4223 1353 4279 Sancti
1367 4223 1440 4278 Petri
1452 4222 1485 4278 de
1494 4221 1585 4284 Troia,
1597 4228 1625 4274 ct
1636 4216 1780 4276 ccclesianr
1789 4215 1895 4270 Sancte

266 4313 376 4368 Sanctis
400 4310 491 4368 blaciae
511 4313 544 4368 dc
566 4311 686 4378 Palatio,
712 4313 856 4370 ecclesiam
874 4313 965 4370 Sancti
987 4309 1056 4368 lnsrt
1109 4321 1201 4374 Martae
1214 4318 1247 4374 (10
1260 4317 1355 4374 basso.
1382 4316 1556 4372 becendnrns
1571 4328 1637 4382 erpo
1651 4319 1681 4367 ut
1702 4309 1767 4365 nrrlli
1784 4309 1895 4363 rrrrrnino

266 4420 328 4462 curn
345 4405 513 4476 pertinentiis
527 4403 594 4461 auis.
617 4402 644 4459 ln
657 4405 760 4462 dterno
777 4404 882 4476 plebem
895 4403 987 4460 Sancti
1005 4402 1057 4460 Le·
1109 4412 1249 4468 boirrnrnrn
1272 4408 1353 4465 liccat
1377 4409 1532 4478 praedictam
1548 4404 1695 4460 Ecclesiam
1716 4410 1819 4457 temere
1832 4414 1894 4467 per·

267 4499 387 4569 puntiani
411 4507 438 4554 et
458 4498 623 4565 Domitiani,
643 4493 786 4556 ecclesiam
811 4497 904 4553 Sancti
931 4497 1053 4564 tuone,
1070 4487 1094 4543 ὓ
1109 4503 1234 4565 turbare,
1260 4510 1327 4566 cte,
1353 4517 1435 4572 usqae
1457 4498 1609 4569 profutura,
1633 4494 1709 4552 saluo
1733 4491 1804 4548 beati
1821 4489 1894 4544 Petri

164 4635 168 4646 .
267 4589 359 4646 Sancti
388 4589 552 4660 Salvatons,
569 4591 711 4649 eeclesiam
737 4589 843 4645 Sanctae
859 4588 1008 4646 Jerusalem
1027 4597 1057 4645 et
1103 4596 1165 4666 jore
1181 4591 1566 4666 proprietatirctapostolicm
1586 4587 1660 4646 sedis
1677 4585 1849 4642 auctoritate.
1865 4582 1894 4636 Si

266 4681 409 4739 cceleslam
423 4682 515 4740 Sancti
530 4682 643 4752 Nicolai,
655 4697 716 4740 curn
728 4681 854 4738 omatibus
865 4697 959 4738 earum
971 4683 1056 4752 perti·
1106 4700 1159 4755 qua
1175 4685 1257 4756 igitur
1270 4684 1298 4739 in
1313 4681 1432 4737 laturum
1446 4678 1628 4736 ecelesiastica
1644 4676 1815 4732 saecularisve
1833 4687 1895 4742 pcr-

267 4773 374 4828 ncntiis.
394 4773 531 4830 Deciruam
551 4775 641 4846 pontis
653 4785 682 4832 et
699 4785 793 4848 portus
811 4773 910 4830 llicini.
924 4771 951 4827 ln
968 4771 1054 4842 Buce·
1074 4813 1078 4820 .
1106 4794 1193 4846 sona,
1207 4791 1277 4842 cte,
1292 4792 1374 4848 arone
1394 4773 1541 4843 subjaccat.
1557 4770 1670 4828 Cernetis
1693 4781 1784 4826 autem
1807 4767 1894 4822 eidern

267 4863 339 4919 lania
363 4864 493 4922 ecclesias
508 4866 599 4923 Sarrrti
619 4868 768 4925 saluatoris
786 4877 812 4924 el
836 4868 929 4923 Sancti
947 4866 1053 4938 dngelt,
1106 4872 1167 4928 loeo
1187 4885 1235 4926 cua
1257 4868 1320 4939 jura
1344 4866 1531 4932 servantibus,
1556 4871 1621 4930 ete,
1638 4875 1719 4932 arque
1744 4859 1893 4914 inueniant.

267 4969 329 5012 cum
351 4957 464 5015 decimis
487 4959 606 5016 comitis.
622 4959 731 5016 Plebcm
750 4959 842 5016 Sancti
857 4958 990 5016 siluestri.
1004 4957 1057 5015 lle·
1106 4965 1203 5019 nmen.

267 5050 352 5108 cimas
369 5051 477 5108 cernitis
491 5049 519 5106 in
533 5051 646 5109 castello
668 5051 761 5108 Sancti
773 5051 870 5125 dugeli
883 5092 891 5116 ,
903 5055 929 5109 in
941 5051 1056 5108 castello
1144 5056 1240 5111 baurim
1249 5054 1376 5110 Laterani
1387 5065 1553 5124 permenam
1565 5047 1678 5106 loannis
1689 5040 1897 5102 Sanctaellariae

268 5140 518 5207 TriurnFontium,
540 5154 568 5199 et
592 5143 712 5200 decimus
728 5145 910 5201 castellorum
940 5159 1000 5215 qum
1028 5145 1055 5200 in
1107 5149 1135 5205 iu
1150 5149 1289 5205 Gosrnlrlin
1303 5145 1411 5202 diaconi
1425 5143 1574 5200 cardinalis
1587 5142 1617 5200 S.
1632 5141 1666 5196 ll.
1681 5139 1713 5196 tl.
1729 5133 1894 5196 cancellarii,

268 5232 401 5294 'lbeatino
422 5238 576 5308 episcopatu
601 5236 652 5293 sub
672 5237 791 5293 dominio
811 5240 920 5296 cernitis
943 5238 1054 5300 lloberti
1108 5257 1154 5296 rrr
1179 5240 1238 5295 llal.
1266 5238 1418 5305 Novemb,
1443 5237 1590 5292 indictione
1616 5249 1675 5298 arr,
1700 5225 1896 5286 incarnationi*

267 5328 302 5383 dc
326 5326 431 5384 llotellu
453 5328 577 5394 luerunt,
600 5339 628 5383 et
645 5329 717 5399 quod
735 5329 866 5384 Tlreatina
889 5329 1004 5384 ecclesia
1029 5329 1056 5383 in
1108 5330 1430 5395 bominiceeannolell,
1443 5329 1693 5401 pontillcatusvero
1706 5318 1897 5379 dominilnno·

234 5461 237 5468 .
267 5417 380 5476 castelle
405 5417 479 5489 Septi
506 5427 598 5484 tanet,
624 5419 767 5476 ecclesiam
792 5417 900 5475 Sanetae
924 5418 1056 5476 llariaein
1109 5423 1189 5478 centii
1202 5437 1278 5493 papae
1290 5422 1322 5478 lll
1351 5436 1423 5478 anno
1439 5422 1608 5478 duodecimo.

268 5507 345 5576 bart,
358 5510 498 5569 ecelesiam
511 5509 604 5567 Sancti
617 5509 698 5565 blasii
712 5511 738 5566 in
752 5511 907 5576 Lanciano,
925 5521 1058 5568 monaste-

269 5600 338 5656 rium
356 5601 450 5659 Sancti
472 5601 580 5659 llartini
604 5602 638 5658 de
651 5601 780 5670 Palectn,
806 5603 947 5662 ecelesiam
962 5603 1056 5660 Sancti
1484 5641 1513 5656 ..
1593 5649 1597 5657 .

270 5689 357 5748 leciri
371 5693 397 5748 irr
411 5693 502 5749 Atissa
518 5709 579 5750 euru
590 5697 717 5752 omnibus
729 5697 899 5766 pertinentiis
916 5699 984 5762 suis,
999 5711 1056 5752 mo·

271 5784 419 5840 nasleriuna
435 5783 527 5842 Sancti
538 5783 650 5845 loannis
664 5789 690 5846 in
704 5788 825 5847 lloelarm
839 5831 847 5860 ,
861 5789 1055 5846 ruonasturium
