4109 6325
170 286 222 351 tut
650 288 900 349 pessumdatus
919 292 1012 352 ANNO
1031 290 1104 361 xri,
1128 292 1265 353 CHRISTI
1285 288 1361 352 tait.

1740 298 1794 358 tet

60 386 67 395 ’
168 401 354 471 prudentiam,
370 401 483 471 siquod
506 401 543 457 sis
569 400 740 483 laudabiliter
759 398 856 471 inipso
879 416 960 473 nego·
974 408 998 465 Α
1011 402 1083 458 illins
1102 413 1196 459 uester
1210 402 1370 459 Eredcrieus
1391 400 1491 458 Siciliae
1508 414 1557 459 rex
1572 397 1685 462 illustris
1700 407 1726 462 in
1740 408 1796 466 llo

170 490 208 545 tio
228 504 419 561 pmeessurus,
444 489 569 546 iidueiam
596 488 691 544 tribuit
712 486 872 555 pleniorem.
894 489 958 545 Tuis
1010 508 1120 548 manum
1137 497 1328 564 imperatorem
1342 493 1445 550 electus
1459 495 1559 551 obnixe
1577 498 1657 567 petiit
1672 502 1794 557 auctariu

170 592 235 651 ergo
245 579 489 635 consultationibus
502 580 643 651 benignius
654 579 808 645 intellectis,
822 582 854 635 de
867 580 900 635 iis
912 582 956 649 qui
1009 593 1064 641 tate
1074 586 1221 656 apostolica
1233 586 1399 641 confirmari.
1411 586 1476 657 Ejus
1485 587 1567 658 igitur
1581 590 1707 659 precibus
1720 592 1797 646 irreli-

169 678 296 739 suscepte
308 670 399 726 crucis
411 670 758 741 signaculepreposuerunt
769 680 860 725 eerrtra
874 670 958 725 luere·
1008 678 1064 731 nati
1081 719 1089 741 ,
1104 678 1342 733 commutationem
1361 677 1468 748 ipsam,
1494 679 1565 734 sieut
1585 680 1644 735 sine
1658 682 1796 751 pronitate

169 762 238 819 ticos
249 762 276 816 in
290 762 456 832 prouinciam
471 762 616 833 proileisci,
629 762 744 817 necdum
754 776 832 815 suum
849 761 958 816 iuuerunt
1007 770 1119 836 provide
1134 768 1205 822 iacta
1220 775 1262 823 est
1275 776 1303 822 et
1316 768 1350 822 ab
1369 770 1484 837 utraque
1499 779 1578 838 parte
1591 781 1689 841 sponte
1704 787 1797 843 recep·

170 854 291 908 exsecuti
312 853 492 923 prepositum,
515 852 709 923 respondemus
727 860 759 905 ut
776 850 843 906 tales
862 851 895 906 ad
913 867 957 907 as-
1008 862 1035 910 ta
1051 896 1059 919 ,
1074 866 1101 911 ct
1116 858 1142 911 iu
1158 856 1277 926 ipsarum
1299 858 1470 912 abbatiarum
1486 858 1659 929 dispendium
1680 876 1736 917 non
1751 875 1796 917 re·

170 944 330 999 sumendum
367 944 472 1000 itineris
497 943 736 1013 Hierosolymitani
767 942 885 999 laborem
914 958 956 998 se·
1007 946 1118 1009 desudat,
1136 949 1795 1023 arrerorirareapostolieaeontnmamnsetpre-

152 1033 232 1124 ¹dule
256 1034 435 1101 inducantur,
460 1050 522 1090 eum
550 1034 625 1089 illum
649 1034 761 1105 majoris
785 1034 874 1090 meriti
896 1048 956 1091 esse
1006 1036 1093 1091 sentis
1112 1038 1208 1107 scripti
1226 1038 1377 1107 patrocinio
1394 1040 1605 1100 communimus.
1625 1042 1695 1098 llulli
1716 1057 1794 1115 ergo,

169 1132 296 1180 constet:
313 1126 346 1180 ad
359 1126 431 1196 qrred
449 1127 470 1179 si
484 1124 576 1179 lersan
600 1123 691 1179 induci
713 1124 895 1193 nequiuerint,
907 1138 955 1179 uo·
1006 1134 1074 1190 ete,
1089 1126 1319 1192 confirmationis,
1331 1140 1396 1193 erc,
1413 1145 1495 1198 usque
1508 1130 1688 1190 incursurum.

170 1224 227 1271 tum
242 1217 367 1285 prosequi
390 1216 591 1285 compellantur
603 1216 742 1270 emissum.
760 1216 798 1270 De
822 1215 876 1271 iilis
890 1231 955 1272 rere
1042 1214 1138 1269 ilatum
1153 1216 1263 1286 Signiae,
1281 1233 1319 1271 urr
1334 1218 1395 1273 idus
1409 1218 1588 1289 Septembris,
1611 1236 1683 1277 arruo
1697 1238 1753 1279 xvr.
1836 1207 1841 1222 ἡ

170 1304 215 1374 qui
228 1305 357 1360 uxoribus
372 1305 580 1359 reeraruantibus
592 1302 687 1358 uolunt
699 1303 836 1373 suscipere
847 1304 954 1375 signum
1371 1329 1427 1385 CX·

172 1394 316 1459 cruclspdc
328 1394 426 1463 quibus
439 1394 545 1449 dubitas
560 1408 594 1447 au
610 1402 721 1463 prepter
732 1393 785 1449 lroe
796 1406 891 1449 eorum
908 1394 954 1448 de·
1005 1427 1136 1473 nmmo
1153 1431 1245 1474 mc„
1269 1434 1403 1477 mmmm
1427 1410 1541 1477 „mogo

170 1482 232 1538 beat
251 1485 418 1553 prepositum
436 1484 579 1553 impediri,
593 1485 631 1539 sic
647 1484 774 1539 duximus
789 1482 954 1553 responden·

170 1573 244 1639 dum,
259 1574 330 1645 qrred
342 1589 403 1628 cunr
417 1590 463 1628 reu
476 1574 595 1629 eoelestis
611 1572 698 1641 major
710 1575 746 1629 sit
760 1588 822 1643 rege
832 1582 951 1637 terrene,
1006 1592 1117 1666 prmus,

169 1672 196 1717 et
207 1670 313 1717 constet
325 1662 396 1731 qrrod
414 1670 525 1717 vocatos
540 1664 573 1717 ad
595 1661 694 1716 terreni
717 1661 788 1731 regis
803 1662 952 1716 exercitum
1285 1668 1514 1723 panormitanam,

169 1765 285 1804 uxorum
300 1765 353 1805 non
369 1750 483 1820 impedit
509 1748 710 1815 contradictio,
726 1748 810 1818 liquet
828 1750 900 1819 qrrud
920 1750 953 1803 ad
970 1732 990 1786 Β
1175 1753 1292 1826 Signiae,
1310 1772 1337 1810 rr
1353 1757 1416 1812 idus
1433 1758 1623 1831 Septembris.)

156 1841 268 1894 summi
287 1842 366 1911 liegis
390 1841 540 1895 exercitum
565 1840 693 1895 invitatos
711 1842 787 1895 etad
806 1840 879 1895 iilum
891 1855 953 1910 pre—
1039 1847 1127 1903 Graue
1140 1850 1259 1918 gerimus
1271 1859 1298 1905 et
1311 1824 1451 1922 iudignu'm
1479 1855 1551 1922 qued
1573 1857 1705 1928 cunilam
1724 1859 1794 1914 mut„

168 1930 253 1985 drisci
265 1929 384 1986 uolentes
394 1930 522 2001 praedieta
535 1944 587 1985 uon
601 1929 682 1985 debet
694 1931 799 1986 occasio
812 1930 951 2000 impedire,
1004 1936 1084 1991 toties
1099 1938 1316 1993 mandaverimus
1330 1954 1379 2009 per
1398 1952 1424 1995 te
1453 1942 1652 2000 Panormitano
1664 1946 1794 2004 Ecclesia

168 2038 229 2077 curn
245 2036 294 2093 per
305 2023 356 2077 lroc
368 2024 567 2079 matrimoniale
580 2022 719 2078 uinculum
743 2038 797 2079 non
820 2024 951 2092 soluatur,
1004 2023 1031 2077 in
1053 2033 1188 2093 pastorem
1217 2028 1252 2083 de
1275 2041 1390 2097 persona
1418 2030 1518 2086 idonea
1546 2034 1695 2101 prouideri,
1719 2037 1790 2091 sieut

168 2113 217 2168 sed
230 2112 409 2168 subtrabatur
422 2115 455 2168 ad
472 2124 578 2184 tempus
593 2114 761 2171 cohabitatio
774 2115 950 2187 conjugalis:
1003 2114 1176 2183 accepimus,
1205 2118 1363 2173 maudatum
1392 2128 1516 2174 nestrum
1542 2123 1662 2179 nondum
1687 2126 1793 2181 exstitit

168 2204 238 2273 qrrod
251 2205 277 2259 in
292 2204 384 2261 multis
396 2205 456 2259 aliis
471 2206 580 2263 casibus
592 2208 648 2263 ileri
662 2209 819 2279 frequenter
832 2213 950 2277 oportet.
1003 2201 1109 2258 effectui
1123 2206 1317 2275 mancipatum.
1332 2206 1461 2265 uolentes
1471 2210 1553 2281 igitur
1566 2211 1686 2280 ejusdem
1698 2214 1793 2273 Eccle-

166 2292 236 2362 euru
249 2308 340 2351 autem
354 2296 488 2367 agendum
504 2296 539 2351 sit
559 2298 592 2354 de
612 2300 771 2355 mulieribus
786 2308 814 2355 et
828 2298 953 2369 personis
1003 2291 1051 2347 siae
1061 2294 1240 2363 provisionem
1257 2298 1369 2354 ulterius
1381 2303 1536 2371 prorogari,
1549 2303 1573 2357 si
1588 2304 1660 2361 ierte
1672 2306 1791 2363 noudum

167 2386 300 2457 abisquae
313 2388 403 2443 crucis
417 2388 585 2459 signaculum
601 2396 787 2461 susceperunt,
802 2397 830 2443 et
844 2390 877 2443 ad
890 2402 952 2457 pro·
1003 2390 1049 2435 esi
1059 2383 1098 2437 5¹¹³
1116 2385 1150 2439 <¹0
1178 2394 1289 2455 tisim
1314 2391 1462 2458 lll⁰ll⁸l¹¹¹b
1477 2394 1660 2452 lenertbiltm
1677 2396 1793 2457 tratrem

168 2480 335 2549 sequendum
353 2487 449 2535 votum
477 2496 529 2535 non
545 2490 608 2535 sunt
632 2480 735 2536 idoneae
758 2479 799 2534 rel
817 2488 950 2549 potentes,
1003 2484 1124 2532 uestrum
1153 2476 1328 2553 [berardum]
1360 2482 1508 2540 Barensem
1536 2488 1790 2560 arehiepiscopum,

167 2583 201 2625 ex
212 2567 385 2641 generalibus
400 2568 497 2625 litteris
508 2570 582 2641 lisa)
596 2569 741 2639 conjicitur
757 2568 911 2633 maniieste,
924 2568 951 2622 in
1003 2564 1102 2632 uirum,
1113 2566 1184 2623 sicut
1198 2570 1386 2639 experimento
1405 2576 1592 2645 cognorimus,
1608 2580 1752 2648 providum
1762 2588 1793 2636 et

167 2659 265 2728 quibus
278 2658 436 2715 continetur
451 2672 609 2730 expressum
622 2668 661 2726 ut,
673 2657 843 2729 regularibus
859 2672 953 2729 perse·
1002 2655 1158 2723 honestum,
1185 2673 1218 2714 ae
1237 2660 1316 2715 nubis
1339 2671 1368 2716 et
1382 2663 1546 2720 charissimo
1558 2666 1586 2722 in
1602 2669 1712 2725 Elrriste
1735 2670 1791 2726 tilio

167 2748 350 2820 nisuxceptis,
367 2750 516 2821 suscipiant
536 2749 833 2819 quicunqueuolucrlnt
845 2748 951 2819 signum
1002 2754 1095 2804 nostro
1117 2747 1260 2805 Frederioo
1287 2749 1385 2806 illustri
1407 2754 1465 2825 regi
1480 2755 1622 2811 Siciliain
1638 2759 1792 2816 liemarum

168 2842 275 2909 erucis,
288 2841 324 2897 ita
339 2840 411 2913 qrrod
431 2857 492 2898 cum
511 2856 609 2913 urgens
624 2842 776 2898 necessitas
787 2848 836 2895 aut
849 2840 952 2895 utilitas
1002 2835 1193 2906 imperatorem
1218 2840 1316 2907 eleeto,
1344 2844 1469 2899 deuotum
1492 2847 1597 2915 pariter
1623 2857 1651 2903 et
1672 2849 1791 2915 ildelerrr,

168 2932 278 2988 eridens
295 2932 450 3001 postularit,
463 2941 554 2989 retum
568 2934 654 3005 ipsrrm
674 2933 707 2989 de
724 2934 851 2989 mandato
867 2933 953 3003 possit
1002 2928 1089 2984 eidem
1105 2928 1234 2984 Ecclesia
1257 2934 1431 2989 concedimus
1456 2935 1485 2989 in
1502 2946 1652 3005 pastorem,
1669 2940 1791 3010 capitulo

167 3022 315 3091 apostolice
328 3022 489 3079 commutari
514 3030 561 3077 aut
577 3022 672 3078 redimi
695 3021 737 3075 uel
757 3020 871 3077 diiierri.
883 3022 950 3089 Quia
967 3018 1124 3113 Ceiusdem
1131 3020 1260 3078 Ecclesiae
1270 3023 1371 3078 nostris
1387 3024 1483 3080 dantes
1494 3025 1591 3081 litteris
1603 3028 1629 3080 iu
1644 3032 1791 3099 praeceptis

1563 1437 1705 1479 crunnum
1729 1440 1795 1481 aro-

1229 1525 1348 1566 srourcs
1366 1526 1438 1567 soors
1453 1527 1567 1570 nucero.

1119 1606 1142 1650 rt
1166 1599 1390 1669 ereiriepiscopum
1420 1600 1561 1656 Bereurem
1591 1603 1626 1657 ed
1648 1603 1794 1659 Ecclesiam

167 3126 233 3167 reru
245 3111 374 3183 collegam
394 3120 468 3166 tuum
481 3111 514 3167 ab
529 3112 580 3168 lrac
594 3110 655 3167 luce
672 3109 802 3166 Dominus
817 3110 950 3175 euocauit,

168 3205 291 3261 abbatem
303 3206 335 3260 de
347 3204 500 3260 sconovuia
515 3201 603 3257 eidem
613 3203 691 3273 jrrxra
705 3202 863 3272 petitionem
877 3209 951 3257 tuam

168 3292 515 3364 duximussubrogaudum;
529 3297 556 3346 et
573 3299 602 3345 ut
618 3290 953 3347 iruetuosiorraleatexi·

167 3392 241 3440 stere
256 3384 332 3439 labor
348 3393 448 3448 vester,
467 3393 521 3436 tam
550 3381 597 3436 tibi
612 3397 693 3452 quarn
717 3383 807 3438 abbati
824 3382 951 3453 praedicto

167 3476 342 3532 concedimus
351 3485 381 3532 ut
392 3473 567 3532 incendiariis
579 3483 606 3528 et
616 3474 650 3528 iis
663 3473 709 3544 qui
725 3487 822 3530 manus
837 3481 952 3528 temera·

167 3567 224 3622 rias
236 3568 262 3622 in
279 3567 393 3624 elericos
407 3575 454 3622 aut
473 3564 540 3620 alias
553 3578 685 3635 personas
699 3562 900 3619 ecclesiasticas
910 3562 952 3616 in-

164 3659 307 3730 jecerunt,
320 3659 471 3716 uolentibus
483 3659 623 3729 suscipere
638 3657 743 3728 signum
758 3654 857 3720 crucis,
873 3653 952 3708 eatis·

168 3746 286 3804 faotione
303 3749 390 3818 passis
411 3748 538 3819 injuriam
554 3746 674 3804 exlribita
689 3743 854 3814 competenti
868 3781 876 3808 ,
888 3757 952 3797 auc-

169 3837 277 3893 toritate
289 3847 379 3893 nestra
392 3837 477 3894 libere
490 3835 665 3893 absolutionis
675 3831 837 3889 beneficium
847 3831 951 3901 impen-

168 3931 257 3996 datis;
277 3930 328 3984 uisi
343 3927 433 3984 iersan
455 3929 605 3998 aliquorum
622 3936 751 3982 excessus
776 3922 843 3978 adeo
854 3933 952 3992 graves

166 4025 314 4080 existerent
327 4028 355 4077 et
367 4034 492 4076 enormes
504 4021 577 4090 quod
593 4017 690 4073 merito
706 4021 797 4090 essent
810 4011 844 4068 ad
857 4011 949 4067 sedem

165 4116 341 4186 apostolicam
355 4114 566 4172 transmittendi.

201 4207 299 4264 ilatum
326 4205 467 4278 Signiae,r
491 4207 553 4264 idus
579 4202 757 4274 Septembr,
777 4195 950 4269 pontificatus

165 4300 251 4356 nostri
267 4314 337 4354 arroo
353 4297 561 4355 sextodecimo.

521 4391 588 4447 clx.

313 4502 413 4543 ascaro
424 4503 459 4541 er
472 4493 603 4540 currruuo
614 4481 797 4550 lsrrusustsus.

288 4577 416 4648 Appreirut
428 4573 569 4645 querutum
584 4568 823 4623 contrectationem.

331 4668 455 4738 (Signiae,
465 4681 501 4721 ru
512 4664 573 4719 idus
587 4657 779 4731 Septembris.)

200 4759 282 4815 iustis
298 4757 445 4829 petentium
462 4752 614 4818 desideriis,
628 4759 681 4806 ete.
696 4763 776 4818 usqrre
802 4745 948 4816 complere.

162 4853 324 4920 decepimus
339 4864 404 4906 sane
418 4847 488 4918 pared
504 4843 643 4916 Spirensis
662 4837 785 4896 Ecclesia
798 4837 852 4892 duo
865 4835 950 4904 possi-

163 4941 245 4998 debat
268 4939 432 4995 menasteria
449 4939 475 4991 in
494 4933 652 5004 Tituringia,
669 4942 785 5000 querum
805 4923 950 4981 abbatissis

163 5032 300 5102 Spirensis
310 5031 454 5102 episcopus
466 5025 570 5098 regalia
587 5021 753 5094 porrigebat,
766 5025 795 5075 et
806 5016 949 5087 imperium

162 5122 300 5178 abbatiam
309 5123 341 5177 de
349 5117 551 5175 Wizienbureb
561 5115 593 5168 ad
604 5127 635 5168 se
648 5115 674 5166 io
686 5107 879 5180 temporalibus
887 5119 949 5176 per-

163 5213 293 5267 tinentem
311 5213 338 5267 in
354 5210 475 5282 Spirensi
499 5207 608 5264 dioecesi
625 5203 782 5264 obtinebat,
799 5198 949 5267 dequibus

162 5303 335 5374 interipsum
350 5302 494 5373 imperium
516 5309 544 5353 et
558 5294 704 5369 praeiatam
727 5291 882 5360 spirensem
898 5285 949 5341 Ec-

161 5396 273 5454 ciceiam
285 5393 460 5450 commutatio
483 5391 554 5446 iacta
579 5381 743 5457 preponitur
757 5381 789 5437 de
811 5374 947 5434 conrmuui

160 5497 191 5544 et
211 5487 294 5542 libera
321 5483 471 5547 uoluntate,
493 5492 574 5550 quam
595 5473 774 5533 charissimus
794 5469 821 5525 in
839 5467 948 5524 cbristo

199 5660 273 5733 (idi)
288 5660 377 5728 Supra
394 5659 474 5730 epist.
486 5655 527 5710 28.

283 5754 419 5816 Persou.
441 5753 576 5820 dextr.

1004 3118 1035 3167 ut
1049 3112 1136 3168 eidem
1155 3118 1284 3180 tanquam
1297 3113 1400 3183 pastori
1424 3127 1475 3170 suo
1487 3113 1631 3172 intendant
1650 3118 1791 3174 lrumiliter

1003 3211 1031 3258 et
1046 3203 1152 3259 deuote.
1183 3202 1299 3272 ideoque
1324 3203 1481 3260 discretioni
1499 3213 1550 3262 tuae
1570 3221 1619 3277 per
1642 3209 1791 3277 apostoliea

1003 3295 1101 3363 scripta
1112 3294 1295 3366 precipiendo
1306 3295 1469 3352 mandamus
1481 3308 1614 3367 quatenus
1626 3309 1791 3370 praeceptum

1004 3393 1125 3440 nostrum
1137 3385 1244 3443 sublato
1264 3387 1411 3456 eujrrslibet
1424 3387 1651 3442 centradictionis
1660 3397 1689 3442 et
1699 3387 1791 3457 appel·

1003 3474 1113 3530 lationis
1127 3475 1269 3534 obstaculo
1284 3477 1369 3533 lacius
1380 3476 1486 3533 ellectui
1503 3478 1664 3548 mancipari,
1681 3487 1790 3534 centra-

1003 3563 1134 3631 dictores‚
1149 3568 1173 3644 si
1187 3567 1233 3637 qui
1248 3567 1358 3633 iruerint,
1374 3567 1416 3623 rel
1440 3567 1556 3622 rebelles
1576 3582 1623 3636 per
1646 3582 1789 3624 censuram

1002 3655 1215 3711 ecelesiasticam
1227 3655 1408 3726 appellatione
1418 3656 1565 3727 postposita
1579 3657 1790 3726 compescendo.

1038 3745 1135 3798 ilatum
1149 3744 1259 3815 Signiae,
1271 3745 1368 3800 rrldus
1382 3744 1537 3814 Septemb,
1550 3745 1723 3815 pontiireatus
1740 3759 1792 3802 ue·

1002 3834 1052 3890 stri
1064 3848 1133 3888 anno
1148 3845 1225 3890 sexto
1240 3836 1355 3892 decimo.

1041 3923 1220 3994 scriptumest
1232 3927 1373 3996 auper‘lret
1388 3929 1502 3998 capitula
1515 3925 1716 3984 Panormitano.

1358 4018 1427 4074 Cili.

1225 4123 1349 4165 massere
1363 4124 1562 4166 ιιιτιειοιιιιιιιιὁ

1222 4201 1261 4255 De
1273 4218 1380 4257 numero
1394 4203 1564 4259 emotionem.

1175 4291 1298 4364 (Signiae,
1314 4310 1341 4350 rr
1351 4295 1413 4351 idus
1424 4293 1615 4365 Septembris.)

964 4389 987 4448 ι)
1039 4379 1194 4437 (laudemus
1210 4382 1236 4436 in
1249 4382 1362 4438 llomine
1377 4394 1404 4438 et
1418 4384 1444 4438 in
1457 4383 1567 4440 rirurtis
1590 4385 1648 4455 ejus
1670 4370 1790 4454 petenda

1001 4471 1148 4542 gloriamur
1172 4471 1243 4540 quod
1270 4472 1296 4527 iu
1324 4474 1471 4530 commisso
1498 4474 1546 4529 tibi
1570 4475 1679 4546 negotio
1698 4477 1792 4532 erucis
1852 4533 1859 4544 ,

1002 4564 1106 4620 Cbristi
1122 4575 1148 4618 te
1160 4564 1330 4620 larudabiliter
1341 4565 1443 4622 diceris
1454 4579 1584 4622 exercere
1605 4582 1647 4630 ae,
1664 4567 1733 4622 bene
1744 4566 1787 4621 ei·

1001 4654 1064 4708 uiua
1076 4664 1241 4722 cooperante
1253 4656 1350 4725 gratia,
1366 4655 1499 4724 proicere
1520 4657 1547 4710 in
1576 4657 1682 4719 eedem,
1698 4657 1788 4712 cbari·
1827 4683 1833 4703 ι

1002 4752 1086 4801 tatem
1102 4753 1175 4800 tuam
1199 4754 1340 4802 monentes
1364 4747 1493 4801 attentius
1514 4755 1541 4801 et
1563 4748 1702 4803 hortantes
1716 4763 1787 4818 uua·

1001 4844 1082 4892 tenus
1107 4853 1231 4908 supemae
1254 4837 1442 4892 retributionis
1457 4836 1556 4892 iutuitu
1572 4837 1649 4902 illud,
1673 4837 1787 4894 caleatis

1000 4942 1051 4996 pro
1067 4925 1167 4983 Christi
1195 4927 1304 4983 nomine
1328 4929 1434 4984 eunetis
1459 4928 1674 4995 dillieultatibus,
1695 4931 1787 4986 taliter

1001 5018 1161 5086 exsequaris
1173 5025 1203 5070 ut
1219 5031 1281 5088 cum
1297 5016 1409 5086 illisqui
1434 5025 1529 5072 euntes
1554 5018 1629 5072 ibant
1643 5025 1671 5073 et
1687 5017 1788 5074 ilebant

1001 5110 1140 5163 mittentes
1163 5107 1266 5162 semina
1289 5122 1338 5164 sua
1362 5107 1553 5164 exsultationis
1571 5109 1785 5179 nrauipulosra·

1000 5199 1058 5254 leae
1070 5207 1219 5268 reportare.
1243 5199 1312 5266 Quia
1335 5209 1409 5254 'rere
1439 5209 1549 5269 prepuer
1575 5199 1629 5256 diei
1653 5201 1786 5257 malitiam

1000 5287 1171 5344 evectionum
1187 5301 1312 5355 numero,
1324 5302 1403 5358 quem
1430 5289 1478 5343 tibi
1495 5289 1659 5355 texerimus,
1671 5301 1785 5348 eonten-

1001 5385 1045 5434 tus
1056 5392 1117 5435 esse
1129 5395 1182 5436 nou
1197 5387 1284 5449 potes,
1299 5387 1390 5449 utpote
1411 5379 1458 5448 qui
1477 5394 1539 5435 curn
1552 5394 1585 5436 eo
1596 5380 1676 5450 lenge
1690 5397 1705 5435 a
1717 5383 1786 5437 civi-

1001 5477 1058 5525 tate
1068 5477 1112 5526 tua
1130 5485 1179 5541 per
1190 5470 1242 5528 duo
1252 5469 1390 5536 milliaria,
1400 5469 1472 5526 sicut
1486 5470 1539 5553 tuis
1552 5469 1630 5549 nobis
1641 5469 1784 5550 insinuasti

1587 5739 1628 5799 2⁹
