4109 6325
161 327 233 389 1111

578 339 582 345 ’
599 335 804 395 nuotststttt
825 335 868 394 DE
886 333 1041 395 desorto
1058 331 1192 393 nonunt
1209 332 1339 391 IMPERII

1724 339 1795 400 1150

159 449 292 515 faciente,
314 450 360 518 qni
384 459 426 506 est
450 456 526 506 actor
549 450 663 507 unitatis
695 460 725 507 et
746 451 830 522 pacis,
858 453 1062 511 diebusuttem
1089 457 1164 504 tuarn
1189 447 1336 519 rogandam
1365 443 1492 501 duximus
1506 451 1534 500 et
1548 443 1719 515 monendam,
1744 465 1794 522 per

161 539 264 595 nostris
295 546 444 607 utrumque
465 554 516 609 per
536 539 652 596 alterum
677 549 799 611 optatum
822 541 952 611 suscipiet

161 629 371 685 incrementum.

509 723 599 780 cttt.

218 870 225 884 s
374 827 498 868 retusam
509 830 571 871 scut
587 830 712 870 noneste

196 902 275 961 Sicut
286 905 391 959 nuntiis
406 911 434 960 et
446 904 546 962 litteris
567 908 620 962 tuis
635 908 713 964 nobis
728 909 870 964 multoties
885 907 950 964 inti·

159 996 253 1061 masii,
267 997 302 1052 ab
320 996 452 1065 obsequio
464 996 617 1052 charissimi
633 999 780 1055 inebriato
792 999 839 1055 11ἰί
861 997 948 1054 nostri

158 1090 231 1160 regis
246 1088 353 1145 Ottonis
364 1088 478 1143 illustris
492 1104 545 1144 non
559 1091 703 1158 uoluntas,
715 1091 762 1147 sed
777 1093 947 1158 necessitas,

160 1190 188 1236 te
197 1181 337 1249 subduxit,
354 1181 487 1252 integram
498 1182 522 1235 ei
538 1180 618 1237 sidem
643 1197 757 1238 servans
772 1184 798 1238 in
820 1193 946 1255 pectore,

159 1285 240 1341 quarn
256 1284 311 1325 uon
322 1280 430 1340 poteras
445 1272 471 1326 in
488 1286 571 1340 opere
585 1272 782 1348 demonstrare.
801 1273 948 1342 (Inmergo

157 1360 214 1432 iam
230 1361 287 1431 ipsa
305 1361 453 1440 necessitas
475 1361 568 1417 diuino
584 1362 688 1431 judicio
710 1363 746 1418 sit
768 1362 883 1430 sublata,
901 1377 948 1418 ex·

160 1449 329 1506 cusationem
345 1449 486 1505 honesturn
501 1451 670 1521 praetendere
686 1467 739 1506 nou
755 1451 870 1519 valeres,
887 1453 909 1507 si
921 1453 947 1508 ei

159 1540 302 1596 decaetero
317 1556 370 1595 non
384 1541 553 1611 impenderes
568 1542 698 1598 auxilium
712 1551 739 1597 et
761 1543 891 1597 latorem.
906 1542 947 1597 'In

158 1643 243 1700 ergo,
260 1630 307 1685 dlii
333 1631 510 1696 charissime,
528 1633 627 1687 diriore
642 1633 814 1702 dispositioni
831 1649 948 1689 consen·

160 1721 241 1786 licns,
258 1735 318 1790 unce
332 1735 441 1776 calisam
467 1721 552 1791 ipsius
571 1725 641 1792 regis
653 1722 769 1777 evidenti
786 1723 888 1792 judicio
900 1739 947 1794 ap·

1002 540 1151 610 apostolica
1172 539 1220 596 tibi
1246 539 1348 609 scripta
1371 539 1533 594 mandantes
1545 549 1680 610 otratenus
1695 541 1794 600 dirime

1002 630 1170 701 dispositioni
1181 631 1372 695 consentiens,
1390 645 1451 700 quite
1468 629 1540 685 circa
1557 631 1749 687 citarissimnm
1763 633 1792 690 iu

1001 725 1111 780 cbristo
1134 723 1218 779 tilium
1248 731 1370 778 nostrum
1398 719 1529 778 illustrem
1553 735 1643 794 regern
1663 723 1790 781 ottonem

1003 815 1145 869 euidenter
1171 813 1269 880 elucet,
1290 818 1414 867 nostrum
1439 811 1467 866 in
1494 814 1546 868 bac
1565 821 1644 883 parte
1659 812 1790 882 iudicium

1001 906 1186 974 approbando,
1200 903 1225 959 ei
1240 913 1366 973 patenter
1381 913 1408 956 et
1422 911 1549 973 potenter
1563 903 1723 972 adhaereas,
1738 907 1790 960 im·
1863 893 1866 898 ’

998 996 1142 1065 pendendo
1155 997 1205 1051 sibi
1219 994 1348 1048 auxilium
1360 1001 1388 1048 ct
1401 993 1533 1061 savorem,
1546 1004 1576 1050 ut
1589 1009 1638 1065 per
1654 996 1707 1052 lroc
1722 998 1789 1052 diri-

999 1101 1062 1140 nam
1074 1095 1102 1141 et
1113 1087 1287 1156 apostolicam
1300 1089 1415 1158 gratiam
1431 1087 1540 1142 uberius
1563 1089 1702 1145 merearis.
1716 1087 1790 1143 utto·

999 1179 1077 1249 quin,
1093 1190 1191 1248 praeter
1202 1180 1320 1236 divinam
1333 1179 1474 1246 offensam,
1487 1180 1665 1250 apostolicam
1680 1194 1790 1251 quemue

999 1285 1142 1325 censuram
1167 1270 1330 1334 incurreres,
1353 1287 1415 1327 cum
1444 1271 1531 1327 eidem
1546 1271 1603 1342 regi
1619 1271 1736 1328 nolimus
1762 1272 1789 1323 in

999 1376 1049 1416 sno
1067 1359 1130 1430 jure
1144 1361 1248 1429 deesse,
1263 1362 1308 1432 qui
1328 1377 1421 1418 sumus
1435 1363 1562 1419 omnibus
1582 1362 1609 1416 iu
1624 1377 1671 1417 sua
1683 1361 1791 1433 justitia

998 1453 1145 1508 debitores.

1034 1542 1068 1597 Irr
1081 1545 1199 1597 entrrdenr
1222 1543 1328 1598 modum
1347 1545 1406 1598 duci
1419 1543 1545 1598 IIoruuiu·
1555 1584 1562 1607 ,
1574 1541 1636 1596 duci
1652 1540 1789 1608 Sudonioe,

999 1631 1060 1684 duci
1080 1631 1221 1698 Butnnrioe,
1235 1631 1362 1686 nobilibus
1377 1635 1438 1687 uiris
1453 1633 1572 1687 oossttiiis
1585 1634 1707 1697 duculum,
1720 1649 1791 1686 mur-

998 1723 1086 1777 cln'oni
1098 1722 1124 1776 II
1129 1725 1235 1789 ienensi,
1246 1724 1393 1778 rtruroltiorn'
1404 1723 1435 1777 de
1447 1723 1626 1788 Broudebnrc,
1642 1723 1790 1778 rnorcbioni

158 1813 294 1883 probarit,
310 1822 430 1868 nostrum
446 1814 472 1868 iu
487 1813 539 1868 bac
555 1822 632 1882 parte
651 1812 781 1882 judicium
795 1815 949 1882 approlran·
963 1781 985 1836 Β
1000 1815 1031 1869 de
1049 1813 1225 1881 baudomere,
1239 1815 1299 1868 doci
1313 1816 1439 1869 drrrtriru.

159 1902 205 1966 do,
219 1909 343 1971 patenter
362 1910 390 1956 et
420 1911 545 1971 potenter
562 1903 649 1958 eidem
663 1903 813 1970 adhaereas,
827 1903 907 1958 tidem
921 1906 947 1959 ei

158 1991 307 2061 praestitam
328 2007 496 2046 cotrservans
512 1991 633 2054 illusam,
654 2001 682 2045 ut
694 2005 742 2061 per
758 1991 809 2047 boc
826 1993 946 2048 divinam

159 2092 188 2142 et
203 2083 377 2151 apostolicam
388 2085 503 2154 gratiam
519 2085 628 2139 ubcrius
649 2086 789 2140 mercads.
809 2084 945 2155 Alioquin,

1367 1903 1456 1960 cett.

1190 2013 1280 2053 toturn
1294 2013 1418 2053 tctusrur
1432 2013 1492 2052 uuor
1505 2012 1618 2052 ruscis.

1035 2087 1104 2142 Ecce
1116 2103 1171 2158 tam
1188 2096 1292 2158 tempus
1306 2089 1415 2143 atlveuit
1428 2089 1454 2143 iu
1468 2103 1530 2156 qrro,
1548 2088 1571 2143 si
1587 2086 1747 2142 charissimo
1760 2087 1789 2142 ir

157 2181 256 2243 praeter
273 2171 391 2226 divinant
408 2172 553 2236 offensum,
570 2174 746 2242 apostolicam
760 2189 868 2245 utroque
882 2190 946 2230 ceu·
997 2178 1106 2233 clutsro
1127 2179 1182 2233 iulio
1196 2190 1287 2233 nostro
1303 2180 1401 2234 illustri
1427 2181 1482 2250 regi
1505 2179 1608 2244 Ottoni,
1625 2180 1714 2249 nepoti
1731 2188 1786 2245 tuo,

157 2279 250 2318 suram
264 2265 430 2329 incurreres,
448 2281 510 2320 cum
523 2267 610 2320 eidem
631 2267 686 2338 regi
713 2267 831 2323 nolimus
845 2270 871 2323 in
896 2283 945 2323 sno
998 2271 1137 2324 curareris
1150 2271 1291 2341 magnifice
1303 2271 1458 2334 subvenire,
1472 2271 1597 2341 teipsum
1614 2271 1789 2339 magnificare

155 2356 216 2427 jure
231 2356 337 2421 deesse,
351 2354 397 2424 utri
411 2369 506 2410 suiuus
516 2356 642 2412 onudbus
656 2357 682 2412 in
697 2357 856 2427 snajnstitia
872 2357 948 2411 debi-
997 2361 1102 2414 valebis
1118 2360 1278 2430 ultraquam
1297 2361 1422 2430 expediat
1437 2375 1508 2414 utrnc
1531 2359 1629 2415 litterIs
1639 2359 1788 2428 explicare.

160 2457 243 2504 tores.
997 2451 1064 2508 Cum
1091 2450 1173 2520 igitur
1200 2451 1233 2504 ad
1262 2451 1391 2504 bonorem
1416 2456 1443 2503 et
1469 2449 1619 2520 profectum
1634 2459 1687 2504 tam
1705 2450 1789 2521 ipsius

191 2539 227 2593 In
239 2538 356 2594 eumdem
368 2541 474 2594 modum
487 2540 568 2594 nobili
587 2541 647 2594 uiro
660 2540 817 2611 ltrndgrooio
833 2540 948 2595 Tltruin·
998 2541 1070 2610 regis
1081 2555 1164 2609 quam
1178 2549 1252 2594 tuum
1264 2539 1411 2594 efficaciter
1428 2541 1592 2608 aspiremus,
1614 2542 1791 2596 serenitatem

159 2628 408 2700 Ιιιιίιι.1ιιιιιιιιιιιιιι
427 2631 532 2685 modum
547 2631 608 2685 duci
626 2631 798 2696 Brotunu'm,
816 2631 946 2698 principio
999 2642 1072 2686 tuam
1094 2647 1236 2687 monemus
1258 2637 1286 2686 et
1307 2632 1486 2685 exlrortamur
1499 2634 1651 2695 attentius,
1673 2632 1790 2688 fideliter

156 2720 196 2774 sic
223 2728 336 2777 nratolo.
360 2718 440 2774 Certa
466 2718 612 2774 multorum
646 2720 777 2775 relatione
804 2721 946 2776 didicimus
998 2725 1170 2781 consulentes
1184 2737 1318 2794 qrratenus
1333 2724 1406 2778 circa
1432 2723 1636 2778 subventionem
1654 2724 1743 2792 ipsius
1762 2733 1789 2777 te

126 2869 131 2878 ,
157 2813 228 2881 quod
242 2813 276 2865 ab
288 2811 427 2880 obsequio,
441 2821 494 2866 etc.
506 2809 540 2864 Iu
556 2811 674 2864 eumdem
684 2812 790 2863 modurn
804 2811 947 2874 uliirnrin-
998 2828 1048 2868 nec
1065 2814 1160 2868 durum
1181 2815 1311 2868 exbibens
1327 2828 1521 2877 necatarum,
1537 2813 1584 2869 sed
1597 2813 1689 2868 taliter
1708 2814 1733 2867 oi
1748 2813 1788 2868 si·

157 2901 256 2973 cipibus
269 2903 315 2973 gni
326 2903 440 2972 proeiuto
460 2901 515 2972 regi
530 2901 674 2972 rrliqnundo
687 2902 865 2956 odlroesernut.

510 2992 609 3049 CLVII.

332 3098 524 3141 sturnunosusr
544 3098 758 3140 iucursrtscnro.

997 2903 1054 2958 mni
1069 2919 1101 2957 uc
1116 2903 1197 2957 semel
1216 2905 1325 2958 sttuleas
1337 2904 1496 2968 subuenire,
1508 2904 1578 2970 quod
1592 2903 1789 2957 tuoaccodente

997 2993 1119 3048 subsidio
1131 2994 1203 3061 qtrnd
1216 2993 1357 3046 commode
1373 3007 1444 3045 nnnc
1456 2991 1583 3061 prmralet
1596 2992 1726 3062 expediri,
1742 3006 1790 3062 per

959 3090 1100 3181 cnostrae
1119 3082 1308 3139 sollicitudinis
1330 3081 1448 3136 studium
1472 3080 1587 3137 feliciter
1615 3097 1789 3139 consumme-

192 3176 260 3233 Cum
277 3176 455 3232 dissensionis
473 3173 599 3240 materia,
614 3184 666 3229 ete.
680 3215 689 3240 ,
702 3187 730 3228 ut
744 3178 773 3229 in
785 3178 851 3244 aliu,
864 3194 947 3247 rusque
999 3185 1055 3230 tur.

158 3271 277 3326 sublata.
303 3269 436 3337 Quocirca
467 3267 669 3323 fraternitatem
697 3279 770 3324 tuam
799 3273 944 3343 rogandam

157 3360 285 3416 duximus
300 3370 328 3414 et
349 3360 524 3425 monendam,
540 3373 590 3430 pcr
615 3360 762 3429 apostolica
779 3362 826 3417 tibi
844 3364 945 3433 scrIpta

156 3452 339 3523 precipiendo
362 3452 525 3505 mandantes
556 3451 606 3506 sub
629 3452 719 3506 debito
731 3452 877 3521 juramenti
894 3470 946 3522 spuo

157 3545 235 3599 nobis
250 3544 278 3599 in
290 3544 341 3598 bac
355 3553 431 3613 parte
445 3546 556 3611 teneris,
571 3556 597 3601 et
610 3545 835 3600 inremissionem
851 3562 947 3616 pecca-

157 3638 260 3691 minum
280 3636 468 3707 injungentes,
494 3644 630 3706 quatenus
659 3638 758 3692 dininae
775 3639 945 3708 dispositioni

157 3729 351 3794 consentiens,
377 3744 438 3798 qtrae
468 3729 540 3784 circa
568 3731 757 3786 charissimum
787 3732 813 3785 in
840 3732 946 3788 Ctutsto

137 3821 241 3875 'lilium
256 3830 378 3876 nostrum
395 3822 527 3876 illustrem
553 3837 645 3893 regem
665 3822 792 3878 ottonem
806 3824 947 3880 euidenter

157 3912 261 3977 elucet,
275 3921 396 3966 nostrum
418 3910 551 3979 judicium
571 3914 756 3982 approbando,
769 3914 794 3969 ei
821 3924 948 3984 patenter

157 4012 185 4058 et
197 4013 322 4073 potenter
341 4003 496 4068 adhaereas,
512 4004 693 4073 impendendo
707 4006 758 4060 sibi
771 4006 901 4060 auxilinm
919 4015 947 4062 et

157 4093 289 4159 intorem,
311 4103 419 4162 recepta
442 4095 586 4148 tamenab
609 4107 642 4147 eo
669 4109 750 4163 snper
771 4096 947 4150 indemnitate

158 4180 366 4252 Salrburgensis
381 4184 509 4239 Ecclesiae
531 4186 629 4240 idonea
644 4188 780 4241 cautione.
799 4186 945 4257 Alioquin,

157 4284 225 4339 etc,
234 4283 262 4329 ιιι
273 4274 372 4331 inuliu.

193 4364 227 4418 Iu
245 4365 365 4418 eumdem
382 4364 489 4418 modum
507 4364 675 4436 Iiogrtnlino,
687 4367 851 4434 Treuerenri,
865 4369 946 4424 Colo-

1261 3302 1269 3309 .
1355 3260 1433 3317 CLX.

997 3370 1121 3409 currens
1138 3367 1253 3408 orroms
1267 3367 1352 3413 naurs,
1369 3368 1396 3407 tn
1415 3366 1579 3409 nonnnonutt
1598 3365 1788 3409 tnesaurum

1340 3458 1445 3499 steort.

1033 3536 1191 3591 ilcrerendo
1204 3536 1231 3589 iu
1245 3534 1355 3589 Cltristo
1369 3532 1442 3587 Patri
1459 3550 1490 3589 ac
1504 3536 1613 3591 domiuo
1626 3536 1788 3592 charissimo

997 3630 1105 3683 domino
1115 3628 1286 3691 Innocentio,
1300 3627 1345 3680 liei
1361 3627 1447 3697 gratia
1463 3637 1562 3681 sauctae
1572 3626 1701 3684 Ilomnnre
1715 3630 1788 3685 sedis

997 3734 1105 3775 summo
1120 3719 1252 3789 pontiilci,
1270 3719 1361 3783 Orno,
1378 3720 1472 3773 eadem
1488 3720 1573 3789 gratia
1587 3730 1614 3775 et
1625 3735 1672 3776 sua
1689 3722 1788 3775 Rorrru·

997 3827 1094 3867 norum
1113 3826 1161 3866 rex
1175 3819 1203 3864 et
1218 3825 1325 3880 semper
1339 3812 1488 3881 diognetus,
1504 3810 1622 3866 debitam
1643 3814 1788 3881 subiectio·

997 3917 1059 3957 ueru
1075 3916 1107 3955 ac
1122 3902 1301 3955 reuerentiam
1316 3917 1377 3955 curn
1393 3900 1467 3955 titali
1483 3901 1636 3957 dilectione.

1033 3992 1108 4059 Quod
1132 3993 1264 4046 bucteuus
1278 3990 1391 4057 luimus;
1409 3993 1480 4063 qnod
1501 4008 1596 4048 snmus
1617 3995 1787 4060 stiterimus,
1879 4020 1882 4027 ·

997 4092 1128 4152 quantum
1144 4084 1177 4137 ad
1193 4084 1268 4151 regni
1283 4082 1401 4151 pcrtInet
1415 4084 1625 4147 promotionem,
1640 4090 1724 4138 totum
1740 4101 1787 4138 vo·

997 4177 1040 4232 bis
1057 4185 1084 4231 et
1098 4176 1226 4231 Ecclesiae
1242 4175 1371 4229 Ilomauae
1382 4183 1443 4243 post
1457 4175 1543 4230 Deum
1561 4175 1700 4239 debentes,
1715 4176 1787 4244 grrod

997 4278 1023 4324 et
1033 4267 1235 4338 gratantissime
1248 4266 1474 4337 recognoscimus,
1489 4281 1538 4336 pro
1552 4266 1678 4319 omnibns
1692 4274 1789 4320 vestrm

998 4360 1092 4430 gratie
1105 4358 1246 4413 beneticiis
1262 4356 1414 4412 uberrimas
1430 4356 1566 4412 sanctitati
1582 4365 1679 4411 vestrm
1694 4356 1790 4412 releri·
1828 4342 1834 4353 ’

158 4454 245 4508 triensi
266 4462 291 4507 et
312 4453 532 4523 Iiugdedurgensi
555 4457 768 4525 archiepiscopis,
788 4468 812 4511 et
828 4461 946 4528 episcopo
962 4446 986 4503 I)
1000 4466 1060 4506 urus
1085 4450 1219 4515 ³0¹I⁰¹¹e⁸i
1242 4463 1308 4519 0¹8³
1327 4462 1374 4503 l¹0⁵
1399 4457 1426 4503 θῑ
1449 4462 1545 4503 omues
1568 4448 1667 4517 quibus
1690 4448 1788 4501 b0¹¹¹¹ltl

157 4545 409 4609 Alberstodenri‚ilo
421 4544 491 4613 qnod
502 4546 641 4615 unicnique
652 4548 772 4602 seorsim.
782 4547 797 4601 I
800 4566 816 4602 u
829 4551 947 4605 eumdem

159 4636 214 4705 fere
236 4634 343 4688 rrrodam
362 4634 509 4703 jndicibus,
533 4634 664 4698 Scudinir,
696 4648 720 4692 et
744 4638 844 4692 ciuibus
868 4637 947 4694 Goio-

159 4726 303 4781 nieuriius.
319 4724 399 4781 Certa
411 4725 556 4779 multorum
576 4727 706 4782 relatione
720 4729 874 4797 didicimus,
893 4740 946 4786 otc.

497 4815 610 4887 cuttu,

353 4922 441 4963 nostor
456 4923 519 4963 ιιιιο
534 4925 595 4964 ouer
608 4925 752 4968 zunrnore.

194 4994 263 5052 (lum
278 4995 455 5052 dissensionis
470 4998 602 5065 materia,
621 5013 682 5068 quae
696 4999 815 5069 peccatis
839 4999 948 5068 exigen-

159 5085 234 5143 tibus
258 5087 388 5143 hactenus
416 5090 442 5143 iu
464 5090 579 5157 irnperio
600 5090 751 5159 pullularit,
772 5090 853 5145 nimis
871 5090 948 5145 darn·

159 5191 226 5233 nosa
249 5176 341 5243 tuerit,
359 5192 412 5233 nou
430 5178 479 5247 ipsi
497 5187 601 5233 tautum
617 5179 742 5249 Imperio,
759 5182 947 5236 verumetiam

161 5270 209 5323 toti
222 5268 323 5337 populo
333 5267 505 5333 Christiano,
519 5284 579 5333 nos,
592 5268 637 5337 uui
653 5270 687 5323 ad
701 5269 820 5339 regimen
840 5273 949 5324 urtirer·

159 5358 226 5413 salis
246 5358 375 5415 Ecclesiae
398 5375 514 5431 superna
543 5374 636 5416 sumus
657 5360 946 5428 dispositionerocati,

161 5450 284 5521 diligenti
299 5452 429 5508 debemus
453 5452 633 5507 sollicitudine
658 5466 812 5521 praecavere
837 5468 881 5518 ue,
900 5468 949 5521 per

160 5540 273 5609 aliocujus
292 5542 474 5609 insolentiam,
501 5543 646 5599 reviviscat
674 5558 735 5613 quae
759 5556 807 5611 per
827 5542 947 5597 dirinunr

998 4542 1080 4596 vultis
1100 4535 1251 4595 cultibilem
1275 4540 1353 4594 uobis
1376 4539 1569 4609 benignitatem
1593 4536 1790 4593 studiosissime

998 4648 1106 4704 semper
1120 4633 1252 4687 merituri.
1274 4632 1377 4685 Vestrtc
1392 4629 1505 4698 proinde
1526 4628 1680 4697 paternitati
1701 4635 1790 4681 atten-

999 4729 1103 4783 tissiure
1118 4726 1301 4795 supplicamus
1317 4732 1346 4777 ut
1360 4722 1456 4775 intuitu
1470 4719 1558 4774 omnis
1574 4710 1726 4773 denotionis
1740 4732 1790 4773 no·

998 4828 1062 4874 strte
1073 4828 1101 4871 et
1123 4816 1235 4871 lionoris
1250 4813 1296 4869 Dei
1312 4828 1344 4866 ac
1356 4812 1439 4866 vestri
1454 4812 1547 4880 ipsius,
1562 4825 1595 4865 ac
1612 4810 1789 4880 promotiouIs

1000 4909 1126 4963 Ecclesiae
1150 4906 1278 4959 Romanae
1301 4910 1441 4971 respectu,
1461 4908 1501 4957 'ex
1526 4915 1580 4969 utro
1604 4900 1788 4955 urtsericordta

998 4996 1059 5060 bei,
1083 5005 1119 5051 ιιι·
1134 5008 1285 5065 speramus,
1303 4990 1504 5061 consanguineo
1526 4998 1621 5044 nostro
1636 4988 1743 5043 sublato
1755 4987 1789 5041 de

999 5088 1099 5153 medio,
1113 5094 1220 5155 tempus
1235 5085 1312 5140 vobis
1328 5083 1444 5139 contulit
1459 5080 1586 5145 faciendi,
1599 5094 1679 5134 omne
1693 5085 1789 5133 restrae

999 5177 1170 5236 discretionis
1190 5176 1331 5232 consilium
1353 5180 1381 5229 et
1402 5170 1532 5227 ntrxilium
1558 5176 1656 5225 nostre
1678 5181 1788 5238 promo-

999 5268 1075 5331 tioni,
1090 5280 1151 5337 qrrae
1163 5266 1223 5322 siue
1236 5264 1319 5320 durbio
1329 5270 1420 5332 restra
1434 5270 1487 5327 est,
1501 5258 1660 5330 propensius
1683 5257 1787 5324 impen-

999 5359 1080 5415 datis.
1106 5358 1183 5413 Sciue
1204 5365 1335 5429 praeterea
1353 5369 1402 5411 vos
1427 5352 1552 5409 volumus
1566 5349 1638 5420 quod
1654 5349 1789 5418 arcbiepi·

999 5466 1097 5521 scopus
1119 5448 1358 5522 liugdeburgeusis
1377 5457 1405 5503 et
1431 5440 1652 5500 ttatrestadensts
1675 5449 1703 5496 et
1720 5438 1788 5493 lliu-

1000 5543 1091 5599 deusis
1112 5542 1230 5613 episcopi
1256 5540 1290 5595 ad
1312 5547 1433 5595 nostrum
1452 5536 1581 5591 auxilinm
1597 5542 1625 5589 et
1649 5531 1787 5587 seruitium

156 5630 292 5700 judicium
317 5643 359 5689 est
382 5634 499 5697 sublata,
523 5634 632 5690 cmdele
655 5632 759 5689 lacinus
783 5634 949 5689 detestantes
999 5638 1184 5689 accesserunt.
1207 5630 1328 5686 nature
1343 5624 1482 5682 Bernardo
1503 5623 1595 5681 sciatis
1616 5620 1727 5676 nuntios
1743 5634 1788 5675 re·

159 5726 232 5795 quood
253 5724 314 5795 pius
331 5726 437 5784 anirnus
455 5725 648 5797 perhorrescit.
665 5726 800 5796 Quocirca
818 5724 947 5783 nobilita·
999 5731 1071 5781 stros
1082 5736 1115 5781 co
1125 5720 1169 5779 die
1181 5736 1235 5793 quo
1248 5720 1297 5777 bas
1312 5718 1418 5775 litteras
1431 5714 1508 5773 robis
1522 5712 1716 5773 destinavimus
1725 5722 1787 5767 cunt
