4109 6325
292 331 343 390 lia'r

742 331 936 390 imbuebant
955 333 987 391 ΙΙΙ
1001 332 1051 388 PP.
1071 329 1307 388 nbcusrottblt
1327 329 1390 388 tls.
1412 332 1481 388 xlv.

1871 333 1926 390 tad

290 462 317 500 et
330 450 474 517 praesentis
494 443 587 514 scripti
608 444 762 513 patrocinio
781 447 992 503 communimus.
1009 443 1079 502 Nulli
1095 449 1117 505 a
1132 443 1256 511 Torcelli,
1273 455 1300 502 et
1311 447 1488 502 tenimentum
1502 446 1638 516 qnondam
1655 443 1728 500 Petri
1744 444 1847 510 Crassi,
1860 463 1924 504 curn

290 554 367 608 ergo,
379 547 446 608 eto,
460 552 540 606 usque
555 536 737 590 incursurum.

328 629 424 684 llatrrm
446 626 590 694 Laterani,
610 643 639 682 tt
661 626 723 682 Kal.
747 626 880 694 Januarii,
905 628 1080 698 pontibcatus

290 720 377 776 nrstri
392 733 464 776 anno
476 727 575 787 quarto
589 718 705 775 decimo.

610 807 754 864 cxxxii.

289 912 442 953 rnemsmo
460 913 595 953 accusate·
615 914 708 954 sancrr
726 913 812 954 suasu
833 914 865 952 ne
884 913 987 964 casaur,
1003 915 1079 956 saus

322 1004 374 1052 nus
401 1004 549 1045 ratramus
576 1006 630 1045 rau
655 1005 842 1045 rnnssurrnns
866 1005 937 1052 uras
964 1006 1079 1048 rurums

321 1094 482 1136 assuentes
501 1095 585 1136 rtratt
604 1096 741 1136 enorsssts
758 1097 786 1136 tn
802 1095 970 1137 usurarum.

447 1172 485 1227 De
500 1172 697 1241 confirmatione
709 1172 916 1242 priuilcqt'orum.

466 1263 615 1336 (Laterani,
633 1279 663 1319 nr
681 1261 740 1317 llal.
755 1262 901 1334 ianuarii.)

322 1353 377 1409 Piae
403 1353 549 1424 postulatio
576 1353 723 1409 rolrantatis
749 1353 845 1409 ellectu
870 1354 950 1409 debet
984 1367 1080 1426 prose·

1130 536 1255 592 omnibus
1267 537 1439 606 pertinentiis
1452 535 1518 592 suis.
1531 537 1558 591 ln
1573 536 1716 602 blonteclo,
1730 547 1785 594 tres
1801 553 1924 597 mansos.

1130 625 1158 680 ln
1175 625 1331 696 llarabello,
1344 628 1463 699 quinque
1476 643 1596 684 mansos.
1612 627 1639 682 ln
1656 630 1819 700 pertinentia
1831 629 1923 698 Cella,

1130 723 1232 785 septem
1254 731 1375 773 mansos.
1391 715 1421 772 ln
1442 715 1591 782 sermacia,
1607 719 1728 789 quinique
1752 734 1874 777 mansos.
1892 720 1922 776 ln

1129 803 1278 872 Paciliano,
1294 817 1412 879 quatuor
1428 822 1547 864 mansos.
1571 809 1598 863 ln
1624 808 1683 865 rico
1702 809 1828 874 Bnrroni,
1846 825 1925 868 man·

1129 911 1188 952 sum
1219 913 1313 953 unum.
1340 897 1369 954 ln
1393 898 1477 963 Luco,
1492 913 1616 954 mansum
1635 915 1730 956 unuin.
1756 900 1785 956 ln
1810 901 1923 972 lgelde,

1130 1003 1253 1044 mansum
1269 1005 1362 1045 tinum.
1383 989 1414 1044 ln
1435 989 1537 1050 ozano,
1552 1005 1676 1046 mansum
1701 1008 1796 1048 unum.
1820 993 1848 1048 ln
1867 994 1926 1050 liu·

1128 1079 1220 1146 biano,
1236 1096 1359 1137 mansium
1376 1096 1470 1137 unum.
1487 1080 1515 1136 ln
1527 1081 1676 1150 otimiano,
1687 1099 1810 1140 mansum
1825 1101 1924 1152 unum,

1132 1170 1161 1226 ln
1185 1171 1349 1240 braxeneto,
1371 1187 1495 1228 mansum
1519 1188 1601 1228 unum
1623 1186 1651 1230 et
1673 1175 1828 1231 dimidium.
1849 1176 1924 1234 Sane

1128 1261 1263 1318 novalium
1275 1277 1426 1318 vestrorum
1440 1279 1500 1335 quae
1512 1265 1630 1334 propriis
1645 1267 1773 1323 manibus
1786 1281 1833 1322 aut
1850 1283 1925 1324 serm·

1127 1355 1219 1425 ptibns
1242 1354 1341 1421 colitis,
1361 1357 1421 1412 siue
1445 1357 1477 1413 de
1498 1358 1672 1414 nutrimentis
1689 1367 1842 1415 vestrorum
1866 1359 1924 1414 ani-

287 1459 387 1516 qucnte
402 1446 549 1515 conspicui,
564 1454 699 1515 quatenus
719 1454 745 1500 et
763 1446 913 1502 deuotionis
932 1446 1077 1502 sinceritas
1127 1443 1248 1510 mallum,
1264 1445 1385 1501 nullust
1406 1445 1484 1502 robis
1503 1447 1627 1502 decianas
1642 1458 1788 1516 praesumat
1803 1449 1921 1504 auferre,

287 1537 460 1593 landabiliter
476 1537 616 1601 enitescat,
633 1546 661 1592 et
672 1537 773 1592 utilitas
793 1536 927 1608 postulata
941 1538 1014 1593 uires
1034 1538 1076 1592 in·
1127 1533 1222 1590 Liceat
1240 1550 1347 1606 quoque
1361 1535 1448 1602 vobis,
1461 1545 1533 1602 etc„
1548 1551 1629 1607 usque
1650 1536 1676 1590 in
1698 1537 1814 1593 ecclesia
1832 1547 1921 1592 restra

286 1629 440 1684 dubitanter
462 1635 593 1682 aestumat.
620 1627 783 1700 liapropter,
799 1629 891 1684 dilecti
914 1629 941 1683 in
963 1628 1077 1684 bomine
1127 1629 1186 1684 sine
1211 1627 1428 1684 contradictione
1447 1627 1571 1698 qualibet
1592 1628 1719 1684 retinere.
1741 1628 1922 1686 Proluibemus

286 1719 346 1783 dlii,
365 1719 541 1788 petitionibus
557 1719 657 1774 uestris
672 1719 839 1790 benignitate
862 1719 951 1775 debita
966 1727 1075 1790 yratum
1128 1719 1250 1790 insuper,
1265 1727 1333 1784 ete,
1345 1733 1427 1790 usque
1447 1719 1474 1774 in
1489 1718 1549 1774 loco
1564 1728 1657 1774 restro
1669 1719 1864 1788 professionem
1880 1719 1922 1774 las

286 1807 470 1878 impertientes
500 1822 653 1875 assensum,
679 1809 819 1880 praelatam
850 1810 1019 1876 Ecclesiam,
1048 1809 1075 1866 in
1094 1801 1163 1868 Bstt
1178 1813 1280 1882 absque
1300 1809 1434 1882 prepositi
1458 1809 1500 1866 sui
1514 1809 1624 1866 licentia
1638 1810 1672 1865 de
1685 1809 1806 1866 clanstro
1827 1819 1921 1866 restro

285 1913 338 1967 qna
355 1899 446 1954 diuino
459 1898 602 1970 mancipati
617 1899 683 1956 estis
694 1901 834 1971 obsequio,
850 1900 901 1958 sab
917 1900 988 1957 beati
1001 1900 1077 1957 Petri
1130 1904 1280 1959 discedere.
1303 1901 1492 1959 Discedentem
1506 1915 1572 1958 reto
1589 1901 1649 1956 sine
1662 1902 1800 1956 communi
1816 1901 1922 1956 littera·

285 1997 311 2042 ct
336 1999 428 2043 nostra
455 1990 624 2059 protectione
646 1990 821 2062 suscipimus,
835 2000 862 2046 et
882 1991 915 2046 ad
937 1991 1079 2063 exemplar
1129 1995 1328 2050 rnmcautinne
1342 1993 1543 2048 nullusaudcat
1559 1993 1688 2050 retinere.
1701 1991 1827 2054 Cbrisma
1844 2007 1921 2058 reru,

285 2079 513 2147 praedecessorum
536 2089 691 2136 nostmrum
714 2081 792 2137 bonae
815 2083 952 2138 memoriae
966 2083 1075 2149 Gabali,
1127 2084 1360 2150 oleumsanctum,
1376 2093 1442 2151 ete,
1459 2091 1667 2154 arquegratlam
1694 2093 1776 2152 atque
1801 2097 1921 2137 commn-

284 2168 432 2237 P.rscbalis,
449 2169 608 2237 innocentii,
623 2170 711 2237 Lucii,
726 2181 753 2228 et
771 2171 874 2228 Urbani
887 2173 1075 2231 Romanorum
1128 2178 1237 2232 nionem
1251 2175 1405 2246 apostolieae
1432 2173 1506 2231 sedis
1525 2174 1662 2239 babuerit,
1679 2182 1708 2229 et
1733 2187 1766 2228 ea
1786 2172 1872 2242 qratia
1895 2181 1921 2228 et

284 2259 442 2329 pontillcnm
453 2261 592 2333 praesentis
604 2261 696 2332 scripti
710 2263 852 2334 priuilegio
865 2265 1077 2322 conrmuaimus.

284 2352 312 2406 ln
336 2353 431 2422 primis
449 2353 582 2423 siqnidem
601 2361 751 2410 statuentes
772 2363 802 2410 ut
823 2355 894 2412 ordo
916 2356 1075 2423 canonicus,

283 2443 329 2514 qui
344 2446 495 2501 secundnm
510 2445 596 2502 Deum
607 2455 635 2503 et
648 2445 722 2502 Beati
737 2448 880 2520 augustini
899 2447 1032 2522 Regulam
1048 2447 1076 2506 in

282 2537 375 2591 eadem
389 2537 503 2592 ecclesia
515 2536 656 2593 institutus
668 2551 727 2593 esse
740 2539 921 2609 dignoscitur,
935 2541 1074 2612 perpetuis

283 2629 382 2684 ibidem
406 2627 572 2700 temporibus
597 2627 789 2685 inuiolabiliter
811 2631 982 2686 observetur.
1003 2630 1075 2686 Prae-

283 2736 359 2782 terea
383 2740 559 2798 quascunque
578 2725 782 2796 possessiones,
809 2741 978 2799 quaeeunque
1002 2727 1074 2784 bona

1128 2269 1232 2337 absque
1254 2267 1390 2338 pravitate
1416 2267 1505 2336 aliqua
1529 2263 1617 2320 rubis
1639 2262 1755 2319 voluterit
1782 2262 1921 2318 exhibere.

1127 2359 1254 2430 Alioquin
1279 2359 1360 2415 liceat
1375 2357 1452 2414 robis
1471 2354 1636 2412 catholicum
1659 2367 1849 2425 quaemcunque
1865 2369 1921 2408 nra

1130 2449 1237 2504 lucritis
1251 2448 1327 2504 adire
1350 2447 1510 2510 antistitem,
1532 2449 1577 2515 qui
1607 2445 1736 2500 nimirum
1760 2444 1853 2498 ndstra
1870 2443 1921 2496 lul·

1128 2540 1343 2596 tusauetoritate
1358 2538 1429 2604 quod
1446 2535 1599 2606 postulatur
1621 2534 1771 2605 indulgeat.
1796 2532 1922 2590 obeunte

1127 2632 1193 2690 vero
1210 2641 1235 2688 te
1248 2646 1320 2690 nunc
1343 2631 1465 2702 eiusdem
1487 2629 1540 2684 loci
1568 2627 1712 2698 praeposito
1730 2627 1771 2682 rel
1801 2635 1919 2692 tuorum,

1126 2735 1191 2792 ete,
1204 2741 1286 2796 usque
1300 2722 1469 2794 providerint
1478 2721 1643 2792 eligendum.
1657 2719 1833 2776 Decernimus
1844 2734 1921 2790 ergo,

283 2816 378 2870 cadem
392 2813 510 2870 ecclesia
525 2823 614 2870 restra
629 2814 940 2886 inpraesentiarumjustc
952 2826 980 2872 et
993 2830 1075 2872 cano
1126 2827 1192 2884 cte,
1209 2833 1289 2887 nsque
1310 2816 1413 2885 integra
1436 2823 1463 2870 et
1479 2813 1581 2868 illibata
1595 2819 1748 2878 seruentur,
1764 2824 1858 2866 eorum
1871 2825 1923 2881 pro

288 2909 349 2963 uice
368 2907 506 2977 possidet,
525 2914 575 2961 aui
594 2907 621 2962 in
645 2906 764 2963 laturam
788 2907 963 2964 concessione
985 2909 1075 2980 ponti-
1126 2921 1243 2979 quorum
1258 2906 1467 2978 gubernatione,
1492 2902 1813 2974 etc.,uaquepmlutura.
1836 2899 1921 2956 Salra

282 2999 375 3064 bcunr,
390 3008 457 3063 etc.,
475 3013 555 3067 arque
565 2995 667 3053 illibata
681 2998 1076 3070 permaneant,inquibusbcee
1126 2999 1199 3055 sellis
1212 2997 1367 3068 apostoticae
1395 2995 1558 3050 anctoritate
1577 3003 1604 3048 et
1624 2991 1767 3050 diecesani
1792 2991 1922 3062 episcopi

281 3089 399 3158 propriis
416 3087 541 3143 duximus
559 3088 736 3157 exprimenda
757 3090 907 3146 uocabulis.
927 3090 957 3145 lu
979 3091 1074 3147 eodem
1126 3090 1256 3146 canonica
1274 3087 1391 3157 justitia.
1408 3085 1437 3142 Si
1458 3101 1511 3156 qua
1535 3085 1617 3155 igitar
1641 3087 1668 3139 in
1695 3082 1825 3150 laturum,
1848 3093 1922 3150 etc..

283 3180 343 3236 loco
356 3178 471 3247 Cassiis,
483 3178 627 3235 ecclesiam
639 3177 748 3235 Sancta
763 3180 866 3247 llariae,
882 3192 910 3238 et
929 3183 1074 3239 ecclesiam
1126 3196 1207 3252 usque
1230 3179 1380 3250 subjaccat.
1404 3177 1517 3235 Cunctis
1541 3192 1632 3235 atttcm
1661 3178 1749 3233 eidem
1767 3176 1921 3245 loco,etc.,

280 3270 372 3325 Sancti
388 3268 537 3339 Stephani,
553 3283 615 3324 cum
635 3268 760 3339 bospitali
783 3271 883 3327 ibidem
899 3272 1034 3328 aedibcato
1048 3280 1076 3330 et
1126 3288 1207 3341 usque
1219 3272 1330 3343 praemia
1349 3278 1458 3326 aeterne
1469 3272 1544 3343 pacis
1566 3272 1714 3327 inueniant.
1730 3272 1829 3329 amen.

280 3360 408 3416 omnibus
424 3360 480 3416 suis
494 3360 675 3429 pertinentiis
698 3356 799 3417 Omnes
819 3361 947 3419 ecclesias
964 3363 1032 3419 sitas
1047 3364 1075 3419 in
1161 3362 1258 3417 Datum
1274 3362 1412 3427 laterani,
1426 3376 1474 3431 per
1488 3378 1598 3417 manum
1610 3360 1723 3419 Joarrnis
1737 3362 1845 3419 Sanctae
1864 3363 1920 3419 lla·

279 3454 356 3509 curia
380 3452 496 3517 Casalis,
511 3466 572 3508 cum
585 3451 713 3511 aturribus
734 3453 792 3509 suis
815 3454 999 3523 pertinentiis.
1023 3454 1074 3510 Ec·
1125 3454 1208 3508 riaein
1223 3451 1361 3509 cosmidin
1378 3452 1485 3507 diacum
1498 3452 1655 3519 cardinalis,
1669 3454 1700 3509 S.
1716 3452 1750 3507 lt.
1768 3454 1798 3509 E.
1814 3454 1920 3509 cancel·

278 3546 387 3601 clesiam
411 3544 504 3601 Sancti
521 3544 625 3611 llilarii,
640 3552 667 3601 et
691 3546 800 3601 domum
817 3545 919 3601 laboris
942 3545 1072 3601 ecclesia·
1124 3543 1196 3607 larii,
1212 3558 1241 3597 tu
1256 3541 1316 3597 llal.
1332 3540 1469 3608 ianuarii,
1493 3542 1642 3599 indictione
1657 3558 1702 3607 ar,
1717 3540 1921 3599 incarnationis

277 3636 350 3692 stici.
367 3636 394 3691 lu
416 3635 564 3701 Paciliano,
582 3636 728 3692 ecclesiam
754 3637 847 3693 Sancti
871 3635 1013 3700 Gerruani,
1027 3654 1073 3693 ec·
1123 3632 1353 3691 bortrintcaeanno
1367 3635 1449 3700 itti,
1465 3634 1641 3704 pottlillculus
1661 3650 1726 3690 vero
1749 3636 1853 3691 domini
1879 3634 1919 3688 ln-

278 3728 387 3785 alesiam
400 3728 492 3785 Sancti
505 3728 643 3784 llicbaelis
652 3730 685 3784 de
694 3729 848 3784 casteneto.
861 3727 890 3784 ln
902 3728 961 3784 loco
976 3728 1071 3785 Sancti
1123 3727 1239 3781 nocentii
1255 3740 1329 3796 papae
1339 3726 1369 3779 lll
1384 3741 1457 3781 antro
1471 3735 1569 3795 quarto
1583 3726 1700 3782 decimo.
1864 3712 1867 3718 ’

278 3821 400 3890 Georgii,
416 3822 561 3877 ecclesiam
584 3821 677 3877 Sancti
702 3819 821 3887 blartirri,
837 3820 945 3876 Sanctae
969 3820 1069 3885 blaciae,
1446 3814 1600 3873 cxxxvii.

278 3912 375 3967 Sancti
389 3912 495 3976 llilarii,
508 3911 600 3968 Sancti
616 3912 711 3967 vitalis
723 3922 751 3967 ct
766 3912 859 3967 Sancti
880 3912 966 3968 Petri.
981 3912 1010 3967 ln
1026 3910 1071 3967 Ci—
1263 3922 1397 3965 enotruuo
1412 3922 1506 3963 sancrr
1520 3922 1606 3962 erasti
1622 3921 1770 3961 ascusam.

277 4003 375 4073 sagio,
391 4003 532 4059 ecelesiam
562 4003 723 4059 Sanctorum
748 4003 854 4060 Casurae
873 4011 902 4057 et
924 4002 1069 4068 Dantiani,
1229 3998 1267 4053 lle
1280 4000 1441 4069 srrby'ectione
1458 3996 1586 4052 Ecclesiae
1600 3996 1806 4051 Paciliunensia.

276 4110 339 4150 curu
354 4104 471 4164 quatuor
486 4097 587 4153 rnansis
599 4106 626 4153 et
639 4096 713 4150 omrai
735 4095 838 4150 decima
855 4094 936 4149 totius
950 4094 1012 4149 loci.
1037 4096 1067 4147 tu
1298 4086 1486 4157 (lateranam
1499 4084 1726 4157 Norr.lanuaaii.)

277 4186 601 4253 liodolasco,ecclesiam
623 4186 717 4242 Sancti
743 4183 967 4249 llicbaelis,cum
984 4185 1069 4255 perti·
1155 4177 1220 4234 Cum
1234 4177 1322 4233 dilecti
1340 4177 1386 4232 ilii
1402 4176 1434 4230 V.
1450 4176 1571 4235 ecclesiae
1585 4186 1680 4232 uestrae
1701 4192 1735 4233 ac
1749 4178 1825 4233 Guaz
1839 4188 1870 4233 ct
1882 4180 1915 4236 d.
2017 4262 2018 4267 η

275 4276 376 4331 rtetttiis
387 4276 453 4332 suis.
466 4276 495 4330 ln
508 4276 642 4340 Torcello,
655 4275 799 4331 ecclesiam
812 4273 904 4328 Sancti
920 4273 1067 4329 Clementis
1121 4269 1211 4325 Sancti
1227 4268 1353 4325 Germani
1369 4279 1396 4323 et
1407 4270 1559 4325 communis
1580 4269 1612 4323 de
1625 4268 1763 4325 Paciliano
1782 4284 1918 4338 procura-

275 4376 303 4423 et
318 4365 411 4423 Sancti
425 4366 540 4425 Nicolai.
552 4368 581 4423 ln
596 4368 656 4424 loco
667 4366 783 4434 cnsatis,
796 4373 850 4420 tres
864 4378 974 4419 mansos
988 4374 1067 4421 terrae
1119 4370 1191 4417 tores
1203 4359 1338 4417 adsedem
1351 4360 1526 4428 apostolicam
1539 4360 1727 4427 accessissent,
1743 4376 1850 4431 nosque
1865 4362 1918 4417 illis

275 4476 344 4531 cruos
357 4462 477 4532 propriis
493 4460 580 4516 bobus
603 4458 741 4526 excolitis,
754 4473 801 4514 sex
813 4456 909 4529 jugera
927 4458 1065 4513 uinearum
1083 4450 1262 4533 „benignam
1274 4449 1439 4506 audientiam
1455 4448 1633 4515 dedissemus,
1653 4450 1797 4519 praedictus
1813 4466 1916 4521 procu-

275 4554 308 4606 ad
323 4551 447 4623 proprios
459 4550 582 4618 labores,
597 4565 723 4605 mansum
737 4549 842 4617 Brisce,
857 4563 983 4604 mansum
997 4548 1066 4604 Gra-

274 4647 362 4714 mine,
385 4660 508 4700 mansum
528 4642 669 4710 Officiaoi,
685 4657 810 4699 mausum
832 4642 969 4698 Ambrosii
994 4643 1065 4699 Tisi·

274 4740 362 4803 nasci,
376 4753 498 4793 mansum
512 4736 630 4791 liliorum
643 4734 713 4801 cist,
731 4748 855 4789 mausum
867 4732 976 4801 Hilarii,
990 4750 1065 4789 ntan-

273 4845 334 4884 sum
349 4830 414 4885 Adae
427 4827 571 4893 boemani,
583 4840 707 4881 ratansum
717 4824 925 4895 spatecaldarii,
939 4840 1064 4881 mausum

274 4920 383 4977 ilenrici
408 4920 428 4974 F
432 4920 485 4987 lue,
499 4933 622 4974 mansum
645 4916 813 4982 Setacltarii‚
829 4932 955 4973 mansum
977 4918 1064 4974 Cara·

273 5020 355 5081 torte,
377 5028 500 5067 tttattsuttt
522 5010 614 5066 Obcrtt
641 5008 790 5074 l'rislliani,
813 5022 936 5063 mansum
960 5006 1064 5075 Quirici

273 5102 367 5168 balde,
379 5117 501 5157 mausum
516 5098 649 5169 ltadutpbi
664 5096 748 5164 llelte,
764 5111 824 5150 cnm
847 5095 1020 5165 pertinentiis
1036 5102 1065 5151 et

274 5192 353 5247 tertia
368 5201 444 5263 parte
466 5190 631 5245 decimarum
654 5187 737 5242 totius
761 5185 812 5239 loci
834 5183 949 5250 Casulis,
965 5193 991 5241 et
1007 5194 1062 5239 tote

272 5283 379 5338 decima
398 5294 533 5337 terrarum
547 5276 658 5334 lamiliae
675 5274 768 5331 Sancti
785 5272 887 5340 Erasii,
904 5283 930 5328 et
947 5282 1001 5329 tota
1015 5274 1062 5329 de·

272 5375 343 5430 rima
357 5373 525 5447 braydarum
538 5370 672 5441 episcopi,
688 5378 717 5425 et
738 5364 870 5438 quidquid
891 5365 1007 5421 ecclesia
1027 5366 1061 5421 de

272 5467 409 5523 Paciliano
423 5466 531 5537 dejure
544 5462 588 5519 rel
599 5462 678 5534 longa
692 5459 890 5515 consuetudine
906 5466 1003 5514 restrae
1015 5472 1061 5512 ec·

271 5559 361 5614 clesiae
379 5559 468 5613 lacere
480 5556 629 5613 consuerit.
645 5548 745 5606 Villam
759 5547 926 5614 Liurentini,
938 5561 999 5603 cnm
1014 5547 1061 5602 de-

271 5654 351 5709 cimis
362 5658 390 5705 et
401 5651 527 5705 omnibus
538 5642 710 5716 pertinentiis
725 5640 793 5696 suis.
810 5642 838 5696 ln
853 5640 955 5696 Sancto
970 5639 1058 5695 Geor·

271 5738 327 5806 giu,
338 5734 543 5808 quatuordecim
555 5750 677 5804 mansos,
689 5750 794 5796 sertam
807 5737 940 5794 decimam
954 5743 1058 5804 partem

1117 4549 1192 4596 rator
1210 4540 1331 4597 ccclesiae
1351 4550 1446 4597 restrae
1466 4540 1604 4609 proposuit
1626 4555 1718 4595 coram
1739 4541 1818 4597 nobis
1841 4544 1914 4613 quod

1117 4646 1177 4689 curu
1195 4632 1260 4687 olim
1282 4633 1354 4687 inter
1373 4629 1514 4685 ecclesiam
1535 4639 1703 4687 vestrumea
1724 4639 1802 4703 parte
1816 4648 1874 4687 una
1888 4643 1914 4688 ct

1116 4727 1259 4784 ecclesiam
1274 4726 1365 4782 Sancti
1378 4724 1503 4781 Gertnatri
1519 4726 1553 4781 dc
1567 4725 1704 4783 raciliam
1717 4742 1751 4782 ex
1764 4726 1855 4781 altare
1868 4742 1915 4781 cu-

1117 4834 1175 4874 ram
1197 4818 1344 4873 venerabili
1372 4816 1456 4872 fratre
1479 4828 1572 4872 nostro
1588 4818 1741 4887 patriarcba
1757 4816 1913 4887 lliernsoly-

1116 4910 1228 4975 mitano‚
1245 4917 1309 4964 tunc
1322 4908 1449 4978 episeopo
1462 4905 1635 4971 vercellensi,
1650 4922 1731 4978 super
1741 4906 1914 4978 subjectione

1115 5018 1195 5073 quam
1209 5010 1297 5057 restra
1315 4999 1428 5055 ecclesia
1449 5000 1556 5068 petebat
1574 4998 1608 5055 ab
1623 4999 1667 5053 illa
1684 5000 1800 5069 quaestio
1820 5009 1912 5053 uerte·

1115 5100 1201 5158 retur,
1216 5090 1344 5161 syndicus
1362 5089 1483 5146 ecclesiae
1500 5096 1595 5145 restrae
1615 5089 1755 5160 proposuit
1768 5102 1865 5143 coram
1879 5102 1913 5142 eo

1113 5181 1184 5250 quud
1209 5180 1304 5235 eadem
1329 5178 1443 5235 ccclesia
1462 5178 1584 5235 ecclesiae
1608 5188 1706 5235 restrae
1731 5179 1758 5235 in
1781 5179 1912 5234 omnibus

1113 5271 1227 5327 debebat
1240 5284 1298 5328 esse
1313 5270 1443 5341 subiecta,
1465 5278 1557 5342 utpote
1572 5286 1628 5327 suae
1642 5271 1723 5342 plebi,
1744 5283 1772 5327 ct
1786 5281 1912 5343 tempore

1112 5364 1241 5421 solemnis
1263 5364 1401 5434 baptismi,
1416 5364 1541 5421 ritlclicet
1556 5365 1645 5435 vigilia
1658 5364 1770 5421 Pascha
1787 5378 1820 5419 ac
1835 5361 1909 5419 Pen-

1113 5465 1240 5524 tecostes,
1254 5458 1379 5527 expensis
1392 5456 1580 5515 Paciliaceusis
1594 5457 1717 5514 eeclesiae
1731 5464 1832 5514 restrae
1852 5454 1912 5510 tort·

1113 5558 1153 5605 tes
1167 5548 1303 5604 debebant
1318 5549 1425 5618 repleri,
1447 5564 1480 5605 ac
1495 5552 1635 5621 presbyter
1647 5546 1843 5607 paciliacensis
1857 5561 1908 5618 pro

1111 5640 1250 5697 scrutiniis
1262 5639 1391 5695 iaciendis
1406 5648 1525 5711 ienrporc
1539 5642 1685 5698 coristituto
1701 5651 1729 5698 et
1746 5639 1841 5713 pueris
1858 5638 1907 5695 bs-

1111 5733 1243 5803 ptisandis
1256 5733 1435 5808 ⁸temporibus
1458 5734 1621 5809 supradictis
1644 5734 1678 5792 ad
1695 5733 1840 5793 ecclesiam
1860 5744 1907 5787 re-
