4109 6325
223 302 260 362 23
672 306 866 366 inuocen'tu
887 306 919 365 ttl
939 308 992 364 PP.
1013 306 1252 369 nebestonbnt
1272 308 1335 367 LlB.
1358 306 1414 365 llll.
1827 303 1863 361 tt

222 422 251 481 lu
268 424 362 480 eodem
389 426 507 495 nogotio,
532 432 611 497 prout
629 423 756 495 capedirc
772 424 931 491 uiderimus,
956 440 1016 497 pro·
1032 430 1056 487 A
1105 425 1202 482 ilatum
1216 426 1343 483 Laterani
1356 442 1374 480 x
1387 424 1447 481 llal.
1461 424 1574 495 Aprilis,
1590 421 1764 493 pontidcatos
1778 423 1863 477 nostri

222 516 361 573 cedemus.
1069 534 1140 574 auno
1154 520 1323 577 duodecimo.

259 610 356 679 ilatum
372 609 498 666 Laterani
515 626 548 663 rr
564 608 624 663 llal.
639 608 750 679 Aprilis,
762 610 1014 668 annuduotlecimo.
1433 609 1499 665 Alll.

591 698 647 755 All.
1068 714 1194 757 snrscono
1208 715 1381 765 rusurrensi,
1396 716 1431 757 cr
1450 716 1546 757 assam
1560 714 1594 756 os
1610 711 1866 757 murnonnosuasao

357 804 471 845 nrcnmo
489 805 675 847 anexnaamno
694 806 883 848 rarnrnncnn.
1298 806 1470 846 nucariensis
1489 804 1629 846 otoecssrs.

400 878 500 935 Littera
513 881 690 938 consolatoria
704 883 839 939 scribitur.
1123 884 1161 939 oe
1171 884 1256 955 coqui
1267 883 1410 939 mouerlmt
1422 885 1557 953 [uetuerat
1569 884 1810 941 consentaneam.

424 971 563 1044 (Laterani
578 990 596 1030 x
612 974 672 1029 lial.
689 975 813 1046 Aprilis.)
1263 974 1404 1048 (Laterani
1418 990 1449 1029 ιιι
1466 972 1536 1031 Non.
1550 973 1674 1047 Aprilis.)

256 1064 466 1122 Fraternitatem
495 1076 569 1121 tuam
597 1068 624 1123 ln
650 1068 765 1124 llorrrino
795 1070 1018 1127 commendamus
1105 1066 1866 1141 (tt)tentensadpresentiamnostramotteemsottua

221 1157 335 1229 quadiu
355 1158 445 1215 medio
460 1172 550 1228 prauae
563 1174 595 1215 ac
611 1172 745 1230 perversae
765 1158 868 1230 positus
888 1160 1017 1227 nationis,
1069 1160 1100 1218 L.
1114 1162 1185 1217 lator
1200 1160 1377 1232 praesentium
1392 1159 1469 1215 rtolris
1487 1158 1627 1215 buntiliter
1643 1160 1778 1217 intimarit
1791 1165 1865 1234 qnod

221 1251 299 1320 quasi
315 1248 400 1305 lilium
418 1251 490 1305 inter
503 1251 597 1323 spinos
608 1252 761 1307 deuotionis
775 1251 886 1308 odorem
902 1253 1016 1321 enrittis,
1069 1269 1131 1308 cum
1144 1254 1209 1307 olim
1233 1251 1352 1307 intrandi
1369 1252 1564 1307 ruonasterium
1584 1252 1752 1321 propositum
1767 1267 1865 1309 conce·

221 1350 249 1397 et
264 1341 300 1397 ab
312 1342 440 1398 uberibus
455 1352 556 1399 satrrctae
570 1342 700 1411 Romamn
713 1342 842 1399 licclesiae
858 1344 953 1401 matris
966 1352 1017 1401 tuae
1068 1346 1164 1416 pissct,
1182 1344 1308 1415 plor-ibus
1327 1343 1527 1409 sacerdotibus,
1548 1342 1680 1400 militibus
1694 1351 1722 1399 et
1741 1342 1803 1399 aliis
1818 1344 1867 1399 bo-

222 1441 248 1485 te
270 1446 302 1485 ac
326 1432 432 1501 eosqui
458 1447 509 1500 pro
525 1430 625 1489 Clrristi
650 1432 758 1489 nourine
774 1432 872 1504 captiui
891 1442 1018 1491 tenentur
1069 1436 1112 1492 nis
1133 1436 1201 1491 uiris
1222 1434 1403 1505 praesentibus
1418 1434 1490 1507 apud
1504 1448 1617 1489 uxorem
1640 1447 1717 1490 suam
1738 1434 1867 1505 precibus

221 1522 397 1577 rrilrilominns
410 1524 540 1578 seruitute
554 1523 676 1595 pustulas
696 1524 843 1590 consolari,
857 1540 973 1593 quornm
990 1535 1016 1579 tc
1068 1530 1168 1586 institit
1188 1536 1216 1584 ut
1239 1543 1321 1599 snper
1341 1528 1395 1584 lanc
1409 1540 1488 1582 suom
1512 1526 1697 1598 impertiretur
1711 1540 1865 1593 assensum,

221 1614 296 1685 angit
310 1615 433 1685 angustia
453 1625 479 1670 et
494 1615 650 1672 scandalum
671 1631 743 1687 saepe
761 1615 912 1690 arieneos
926 1627 1017 1671 autent
1068 1621 1171 1677 eisdem
1196 1620 1362 1691 presbyteris
1385 1617 1511 1689 primitus
1536 1618 1658 1673 exoratis
1684 1633 1718 1673 ne
1743 1616 1866 1689 praelatae

221 1705 358 1775 patientiae
373 1722 405 1762 ac
423 1706 512 1763 solatii
529 1717 554 1763 te
569 1723 600 1763 ac
617 1707 678 1765 illos
690 1708 825 1765 consolari
840 1709 973 1779 dignetur,
991 1716 1018 1763 et
1069 1710 1174 1767 mulieri
1189 1717 1356 1779 exponerent
1375 1708 1448 1780 quod
1463 1718 1491 1765 et
1513 1708 1600 1780 ipsam
1623 1718 1775 1781 oporteret,
1788 1709 1867 1764 dere-

221 1797 295 1852 omni
309 1798 408 1869 garrdio
427 1808 455 1855 et
476 1814 541 1871 pace
556 1800 657 1871 repleat
678 1800 705 1857 in
722 1802 866 1869 credendo,
881 1812 911 1856 ut
925 1802 952 1855 in
968 1786 1017 1872 spe
1034 1787 1192 1872 Blinquere
1206 1800 1345 1868 saeculum,
1367 1799 1391 1855 si
1414 1799 1475 1855 uiro
1495 1815 1546 1857 suo
1569 1801 1648 1857 daret
1670 1799 1807 1856 licentiam
1830 1801 1867 1857 ad

222 1902 256 1941 ac
269 1887 369 1943 virtute
382 1890 469 1944 sancti
492 1890 609 1961 Spiritus
623 1890 766 1948 abundetis
789 1893 822 1947 ad
845 1902 955 1948 aeternae
971 1907 1016 1948 sa·
1069 1894 1266 1950 monasterinm
1285 1891 1457 1949 corrrolandi.
1473 1894 1596 1965 Cumque
1610 1893 1698 1963 ipsum
1714 1892 1867 1951 muller-,ne

221 1980 325 2039 tietatis
348 1983 445 2054 gandia
470 1983 636 2053 perventuri.
660 1984 736 2041 Licet
756 1984 839 2056 igitur
860 1984 910 2055 ipsi
935 1983 1017 2040 variis
1070 1986 1148 2041 abeo
1170 1985 1324 2043 discederet
1345 1986 1403 2043 rice
1423 1995 1516 2042 mutua
1532 1995 1702 2058 precaretur,
1719 1988 1778 2059 ipse
1791 2002 1868 2045 asse·

224 2070 446 2131 tribulationibus
466 2074 630 2147 adliganter,
646 2085 675 2132 tu
690 2085 791 2143 tamen,
807 2085 937 2145 tanquam
956 2076 1018 2145 pins
1071 2087 1133 2131 rens
1155 2076 1227 2146 qnod
1243 2077 1297 2131 nisi
1311 2075 1346 2132 ab
1358 2090 1390 2132 ea
1406 2083 1497 2147 posset
1517 2092 1599 2148 super
1618 2078 1672 2134 lroc
1687 2079 1811 2135 obtinere
1833 2079 1869 2133 li·

220 2162 303 2223 Pater
317 2174 345 2223 et
365 2175 471 2237 pastor,
485 2168 595 2224 eosdem
609 2166 642 2223 ad
664 2168 823 2238 patientiam
840 2180 893 2223 non
907 2166 1019 2222 desinas
1070 2168 1203 2234 centiam,
1227 2182 1280 2224 non
1304 2168 1392 2226 solum
1412 2170 1438 2225 ei
1462 2183 1493 2225 se
1510 2170 1634 2227 inutilem
1654 2171 1796 2238 redderet,
1817 2172 1867 2227 sed

222 2258 377 2325 exhortari,
392 2274 427 2317 ne
441 2260 467 2316 in
481 2259 702 2317 tribulationibus
717 2260 783 2332 ipsis
795 2260 939 2325 delicianl;
955 2258 1018 2330 quia
1070 2260 1152 2316 etlam
1168 2260 1216 2315 toti
1235 2262 1347 2331 mundo,
1361 2260 1407 2317 illa
1424 2261 1522 2318 deinde
1535 2269 1591 2317 lam
1604 2262 1689 2335 ipsius
1702 2280 1783 2335 quam
1797 2264 1869 2319 mul·

221 2348 249 2404 ld
263 2349 335 2419 quod
357 2350 528 2421 inpraesenti
550 2358 591 2407 est
607 2358 824 2409 momentaneum
847 2356 875 2406 ct
897 2350 954 2407 leae
971 2350 1019 2406 tri·
1071 2360 1159 2407 torum
1185 2350 1336 2406 astantiam
1353 2352 1536 2425 precibusque
1560 2354 1678 2420 deuicta,
1703 2363 1786 2425 capnt
1807 2354 1868 2427 elne

220 2437 368 2497 bulationis
389 2440 526 2510 ipsorum,
556 2454 638 2512 sopra
664 2442 775 2497 niodum
802 2440 828 2496 in
854 2441 1020 2497 sublimitate
1070 2442 1150 2497 altari
1166 2444 1309 2514 supposuit
1320 2457 1401 2499 mann
1412 2459 1462 2499 sna
1477 2460 1484 2498 ι
1497 2444 1555 2516 qni.
1569 2460 1601 2502 ea
1611 2456 1756 2515 prasente,
1776 2456 1869 2503 tonso·

221 2538 356 2587 aeternum
375 2531 468 2602 gloriae
481 2532 586 2603 pondos
600 2532 759 2603 operabitur
782 2533 808 2589 ln
831 2534 942 2591 eisdem.
961 2532 1019 2591 Nou
1071 2543 1148 2589 ratos
1161 2533 1259 2591 ibidem
1273 2535 1470 2591 monasterium
1491 2535 1569 2603 adiit,
1583 2544 1621 2603 ct,
1638 2537 1716 2593 linito
1731 2536 1870 2609 probatio·

222 2621 295 2676 enlm
318 2630 383 2679 sunt
406 2622 547 2695 condignae
562 2623 704 2693 passiones
728 2624 808 2695 lnrjus
833 2625 963 2695 temporis
983 2624 1019 2680 ad
1071 2624 1116 2681 uis
1136 2637 1266 2695 ternpore,
1284 2625 1482 2696 professionem
1503 2625 1569 2683 lecit
1592 2626 1751 2684 solemniter
1774 2642 1869 2683 mona·

222 2714 343 2771 loturam
367 2714 482 2785 gloriam
506 2730 568 2787 qum
592 2716 757 2773 revelabitur
778 2718 805 2773 in
829 2717 917 2785 nobis,
939 2715 1019 2787 iuxta
1071 2716 1193 2787 chalem)
1217 2714 1263 2771 illa
1284 2729 1351 2771 uero
1377 2715 1405 2770 iu
1426 2716 1695 2783 sacculorernanens,
1711 2716 1869 2773 inlroncstos

222 2806 452 2877 quodApostolus
468 2816 645 2878 protestator.
668 2808 701 2863 lli
721 2824 788 2866 sane
802 2810 847 2879 qui
867 2808 1021 2866 tribulatio·
1072 2815 1210 2862 amatores
1232 2806 1352 2861 admisit.
1377 2805 1455 2861 Unde
1471 2806 1541 2863 idem
1562 2805 1595 2862 L.
1609 2816 1733 2863 metucns
1754 2821 1788 2862 ne
1812 2820 1869 2861 suae

221 2910 272 2955 nes
284 2912 334 2969 pro
347 2897 452 2955 Christi
465 2900 575 2957 nornine
590 2900 743 2972 patiuntur,
755 2901 849 2972 procul
862 2901 944 2957 delrio
956 2914 1020 2957 eon·
1072 2896 1248 2953 continentiae
1269 2896 1343 2952 illius
1369 2894 1566 2952 incontinentia
1594 2897 1752 2967 imputetur,
1778 2911 1812 2951 au
1837 2896 1867 2952 in

221 2992 387 3063 regnabunt,
402 2990 424 3049 si
442 3002 531 3049 tamen
548 2992 675 3049 fiduciam
689 3001 716 3049 et
729 2992 843 3064 gloriam
858 2994 914 3063 spei
934 3006 1020 3062 usque
1071 2988 1237 3045 monasterio
1260 3000 1438 3059 perseverare
1461 2986 1560 3044 debeat
1586 3004 1602 3063 a
1626 2988 1704 3045 nobis
1725 2987 1869 3045 consilinm

222 3082 257 3137 ad
276 3083 358 3139 finem
378 3084 537 3141 contineant
562 3084 761 3140 inconcussam.
787 3082 924 3139 llirtntom
945 3084 1018 3141 enim
1070 3076 1228 3151 poslulavll·
1254 3074 1388 3145 Οῢθῡῑῐθθ
1403 3075 1560 3133 ἅῑδῠῐθῑῑθῐιῑ
1577 3087 1675 3133 ιθὸῑῐῑθ
1696 3090 1744 3149 ber
1757 3086 1869 3149 ³110le-

223 3172 364 3230 tribulatio
378 3183 420 3231 est
439 3173 569 3244 adiutrix,
585 3182 613 3230 ct
626 3173 728 3230 auditui
746 3175 793 3231 dat
808 3176 917 3232 uenatio
937 3175 1019 3232 intel·
1072 3173 1124 3228 lica
1137 3171 1238 3242 scripta
1262 3171 1435 3238 mandamus,
1451 3179 1587 3242 quatenus
1607 3170 1630 3227 ei
1650 3179 1693 3227 est
1708 3172 1757 3238 ita,
1772 3170 1871 3241 praedi·

222 3261 334 3322 lectum.
358 3263 535 3322 AElernitatis
550 3280 667 3336 namque
689 3266 800 3338 praemla
819 3266 1019 3338 praestolantes,
1072 3272 1146 3321 ctum
1160 3261 1193 3320 L.
1212 3262 1240 3317 in
1253 3263 1419 3318 monasterio
1434 3261 1505 3332 quod
1521 3262 1633 3335 intrarit
1647 3263 1750 3335 absque
1763 3262 1871 3334 inquie-

222 3355 482 3414 axadrcrsitatibus
497 3365 608 3414 sumunt
625 3358 715 3425 viram
736 3360 799 3430 quia
814 3367 958 3416 crescente
973 3374 1021 3430 pu·
1074 3354 1175 3412 tatione
1200 3351 1361 3425 cujusquam
1387 3368 1567 3426 perseuerare
1584 3353 1669 3410 libere
1694 3353 1869 3426 permittatis.

222 3461 289 3516 qna.
309 3445 360 3504 sibi
384 3463 495 3506 manere
510 3449 654 3506 victoriam
679 3465 732 3506 uon
758 3450 900 3523 ambigunt
921 3436 1022 3520 glorio·
1072 3445 1149 3503 Licet
1161 3446 1234 3502 enim
1248 3445 1375 3501 uideatur
1387 3445 1415 3501 in
1436 3447 1489 3503 lroc
1502 3462 1556 3504 non
1569 3445 1706 3508 modicum
1723 3443 1873 3516 deliquisse

223 3554 292 3598 sam.
308 3539 355 3598 Sic
369 3540 494 3612 equidem
506 3542 642 3598 desideria
653 3542 801 3613 electorum
812 3557 845 3599 ex
857 3543 1022 3601 atlversitate
1073 3539 1145 3611 quod
1163 3539 1284 3610 captiose
1294 3540 1413 3595 assernit
1426 3539 1500 3610 qnia,
1515 3539 1568 3594 nisi
1589 3538 1642 3595 sibi
1661 3538 1757 3594 cadem
1772 3535 1871 3592 mulier

223 3631 382 3705 proliciunt,
398 3631 461 3689 dum
476 3644 655 3706 praemontor,
670 3634 742 3692 sicut
760 3634 831 3707 ignis
842 3633 908 3690 llatu
925 3636 1023 3706 premi·
1073 3632 1249 3699 consentiret,
1270 3640 1325 3686 tam
1348 3628 1400 3686 sibi
1416 3644 1496 3701 quarn
1514 3630 1562 3686 toti
1580 3629 1725 3686 mendose
1746 3627 1871 3686 inutilem

224 3733 270 3779 tur
283 3731 313 3780 ut
325 3733 477 3792 excrescat,
491 3733 518 3782 ct
539 3739 573 3782 en
596 3727 721 3796 eoquod
742 3727 877 3800 exstingui
899 3727 1023 3784 cernitur
1074 3721 1209 3787 redderet.
1223 3727 1250 3776 θῑ
1265 3734 1326 3774 θῑῑῐΰ
1342 3717 1518 3790 presbyteros
1529 3717 1654 3774 ‘immi‘
1675 3731 1711 3772 ¹¹0
1734 3717 1872 3788 bffldlcffl

224 3813 381 3871 roboratur.
402 3813 442 3872 To
461 3829 536 3886 erqo,
551 3817 716 3874 uenerabilis
732 3816 827 3886 lrater,
851 3833 932 3874 omne
953 3833 1023 3890 gatr-
1075 3813 1181 3870 mulleri
1199 3819 1369 3884 exponerent
1384 3811 1456 3882 quod
1475 3811 1600 3867 eamdem
1612 3810 1768 3885 relinquere
1783 3822 1871 3864 saecu-

225 3902 300 3958 dium
313 3902 448 3959 aestinrato
461 3917 525 3958 corn
547 3903 681 3960 lavarias
698 3906 862 3963 tentationes
885 3906 1022 3975 incideris,
1075 3903 1130 3960 lum
1143 3912 1291 3976 oporteret,
1307 3903 1330 3960 si
1355 3901 1424 3959 lorte
1439 3901 1578 3958 licentiam
1592 3901 1671 3956 daret
1686 3901 1755 3966 niro,
1769 3912 1802 3954 cx
1816 3912 1872 3967 qno

193 4003 198 4010 '
226 3995 317 4050 sciens
328 3994 401 4065 quod
417 3993 555 4050 tribulatio
568 3995 728 4065 patientiam
742 4005 881 4067 operator,
893 3999 1023 4070 patientia
1076 4008 1166 4054 tamen
1180 3997 1275 4054 cadem
1296 3996 1400 4052 mulier·
1410 3991 1492 4066 caput
1503 3993 1555 4049 uiri
1571 3993 1650 4049 altari
1664 4002 1761 4063 sponte
1771 4004 1883 4061 suppo.

226 4083 427 4156 probationem,
450 4084 574 4156 probatio
596 4101 661 4142 nero
677 4101 763 4160 spem,
780 4103 842 4160 spes
863 4096 1022 4150 autemnon
1075 4090 1140 4158 suit,
1151 4098 1179 4146 et
1190 4087 1371 4160 postmodum,
1383 4087 1454 4144 sient
1467 4086 1609 4154 asseritur,
1620 4085 1690 4140 vixit
1702 4084 1874 4139 incontinen-

228 4172 377 4230 conlondit.
396 4174 496 4232 Fidelis
511 4185 601 4232 antem
617 4176 699 4246 ileos,
714 4179 759 4248 qui
785 4188 811 4232 te
830 4195 883 4236 non
906 4183 1025 4251 patietur
1076 4192 1126 4249 ter,
1143 4195 1224 4250 super
1243 4180 1418 4237 revocatione
1440 4177 1525 4249 ipsios
1539 4192 1592 4232 raon
1614 4183 1686 4231 essct
1701 4173 1873 4244 aliquatenus

228 4265 330 4322 tentari
347 4280 427 4337 snpra
445 4265 473 4322 id
489 4269 558 4338 quod
576 4274 662 4340 potes,
685 4269 733 4324 sed
756 4267 837 4326 iacict
857 4272 938 4328 etiam
960 4287 1024 4329 enm
1075 4273 1218 4341 audienda,
1236 4288 1298 4329 cum
1312 4271 1371 4341 ejus
1387 4271 1513 4338 intentio,
1528 4270 1550 4326 si
1564 4269 1689 4326 cumdem
1712 4267 1781 4322 torte
1794 4281 1873 4338 repe·

229 4355 378 4412 tentatione
397 4367 570 4428 protentum,
595 4368 625 4415 nt
648 4359 740 4416 valeas
763 4362 907 4419 sustinere.
932 4363 1025 4435 ltaque
1077 4376 1154 4431 teret,
1163 4366 1321 4436 exceptione
1334 4363 1582 4436 possitcommissae
1594 4359 1785 4417 lorrricationis
1796 4357 1872 4423 clidi;

185 4451 190 4463 '
230 4448 386 4507 conlortare
402 4451 430 4508 in
445 4451 561 4509 llomino
578 4461 605 4509 et
625 4453 651 4508 ln
673 4455 792 4526 potentia
808 4455 916 4511 virtutis
929 4457 1023 4528 ipsius,
1041 4458 1195 4531 paranime
1210 4473 1271 4514 curn
1287 4465 1433 4527 antequam
1449 4454 1532 4510 luerit
1547 4452 1694 4521 fornicata,
1714 4451 1802 4523 ipsum
1818 4466 1872 4508 nou

230 4541 278 4614 qni
297 4543 349 4600 etsi
374 4551 401 4600 te
422 4543 457 4601 ad
477 4544 613 4602 modicum
639 4545 792 4618 dereliquit,
816 4549 911 4605 educet
935 4558 1024 4606 tamen
1077 4549 1185 4604 duxerit
1203 4547 1392 4620 repetendum.

230 4634 309 4706 quasi
332 4635 422 4692 lumen
441 4634 575 4707 justitiam
591 4646 706 4695 tuamet
722 4637 855 4707 judicium
871 4647 947 4696 tumn
962 4649 1024 4696 tan·
1112 4638 1210 4694 ilatum
1221 4637 1351 4693 Laterani
1363 4652 1393 4694 nr
1406 4635 1476 4692 Non.
1491 4633 1602 4706 Aprilis,
1615 4648 1687 4690 anno
1700 4633 1871 4690 duodecimo.

232 4743 315 4800 qoam
328 4728 479 4798 meridiem,
493 4744 554 4786 cum
565 4733 670 4788 uenerit
681 4748 741 4788 cnm
753 4734 925 4790 senatoribus
936 4741 1024 4799 terrae,
1444 4723 1514 4779 MV·

232 4828 262 4892 et
282 4818 357 4890 impii
377 4827 442 4876 tunc
463 4819 490 4874 in
512 4821 631 4878 tenebris
652 4822 846 4878 conticescent.
864 4821 921 4878 llos
942 4821 1026 4888 enim,
1203 4832 1340 4875 nusmcno
1360 4831 1566 4874 nncnrcrrscono
1585 4832 1749 4874 nascuntur.

221 4910 279 4982 qai
296 4911 446 4968 secutulum
470 4912 629 4982 Apostolum
648 4929 709 4970 cnm
729 4909 929 4970 infirmantibus
952 4913 1028 4969 inlu-
1164 4910 1203 4967 lle
1226 4914 1385 4969 correctione
1409 4913 1562 4968 arouuaterii
1586 4910 1617 4967 S.
1643 4911 1784 4966 Adetoerrt.

231 5010 377 5060 marnuret
390 5019 452 5061 com
469 5005 661 5062 scandalizatis
675 5007 829 5074 exurimur,
845 5001 893 5061 ti'bi
908 5013 936 5060 et
949 5004 1027 5076 ipsis,
1277 5005 1418 5069 (Laterani
1434 5020 1454 5060 ιι
1468 5003 1537 5059 Non.
1553 5004 1677 5075 Aprilis.)

231 5100 364 5162 quantum
387 5092 546 5152 Paracletus
567 5095 733 5153 concesserit
758 5094 888 5164 Spiritus,
904 5093 1028 5150 consola·
1114 5096 1288 5153 correctione
1316 5097 1475 5154 monasterii
1501 5096 1597 5154 Sancti
1624 5095 1762 5152 Adelberti
1791 5108 1874 5168 snpra

231 5184 317 5240 tionis
326 5184 453 5258 suffragia
465 5188 622 5246 curabimus
636 5187 780 5260 impertiri,
797 5197 937 5259 sperantes
954 5188 981 5243 in
995 5200 1028 5243 eo
1079 5175 1182 5242 Padum
1197 5189 1225 5244 in
1246 5188 1450 5246 liaacrrnatensi
1470 5189 1593 5256 dioecesi,
1605 5189 1677 5244 sicut
1687 5187 1796 5253 asseris,
1807 5202 1875 5242 con-

233 5275 388 5344 quidicbns
403 5278 462 5335 istis
481 5280 636 5338 nouissimis
656 5281 767 5350 antiqua
790 5281 874 5351 eoepit
897 5280 1027 5336 miracula
1080 5279 1168 5336 stituti
1191 5280 1241 5335 tibi
1266 5289 1329 5337 tnnc
1352 5280 1504 5337 Fauentino
1527 5279 1656 5351 episeopo
1675 5289 1703 5336 ct
1726 5279 1875 5335 venerabili

235 5367 368 5426 innovare
379 5370 450 5442 quod
461 5371 535 5427 circa
548 5384 596 5427 vos
606 5369 767 5428 mirabiliter
777 5381 805 5428 et
816 5370 1029 5429 misericorditer
1080 5371 1159 5428 tratri
1174 5380 1268 5429 nostro
1283 5373 1411 5445 episcopo
1424 5371 1539 5429 Lucensi
1553 5383 1580 5428 et
1593 5371 1692 5429 dilecto
1712 5370 1768 5426 lilio
1781 5368 1875 5430 abbati

232 5455 390 5527 operabitur
402 5460 436 5518 ad
451 5462 559 5519 landem
572 5467 599 5516 et
616 5459 729 5534 gloriam
751 5463 867 5520 nominis
891 5463 943 5533 sui,
958 5465 1028 5537 qnod
1082 5461 1175 5520 Sancti
1194 5463 1307 5522 loannis
1334 5463 1510 5535 euangelistae
1531 5463 1685 5520 llauerurat.
1706 5463 1808 5520 dudum
1823 5475 1875 5515 au·

226 5545 458 5632 ,mtbraedteruu
477 5552 505 5608 in
523 5549 621 5611 saecula
636 5549 807 5610 saeculorum.
1081 5557 1210 5618 ctoritate
1230 5566 1323 5616 nostra
1339 5543 1499 5626 commissa,
1512 5572 1573 5614 cuna
1590 5555 1625 5612 ad
1645 5555 1716 5613 idem
1737 5565 1876 5612 monaste-

256 5709 328 5805 qt't)
346 5735 414 5807 Gap·
433 5733 556 5806 Vertitur,
576 5734 614 5794 lio
631 5746 754 5796 corruens.
771 5736 951 5810 corqugaturs.
