4109 6325
179 246 228 307 eat
369 200 374 205 ¹
653 242 903 305 rounrtctrus
922 245 1015 305 auno
1032 246 1094 314 ιιι,
1113 244 1252 306 cuntstt
1270 245 1349 307 tata.
1615 317 1619 323 Δ
1757 250 1811 313 es

177 365 304 430 exclusit,
322 370 392 419 steut
409 378 442 421 ex
460 362 559 420 litteris
577 362 735 421 eorumdem
748 363 870 435 judicum
881 372 909 420 et
928 373 968 421 te·
982 372 1004 431 Α
1020 374 1105 420 tracta
1117 367 1143 422 in
1156 366 1242 438 ipsius
1255 358 1376 424 ecclesie
1390 381 1444 425 non
1457 365 1806 433 modicumdetrimentum.

178 470 244 513 nore
258 454 401 511 sententiae
413 454 569 525 apparebat.
581 452 621 508 Ex
646 454 793 510 abundanti
819 464 909 511 tamen
932 456 967 511 ad
1017 454 1145 511 Voleutes
1173 457 1257 527 igitur
1286 457 1409 513 ccclesia
1439 456 1621 529 Philippensis
1645 461 1808 521 utilitatibus

176 548 304 619 praedicta
318 545 408 601 taliter
422 544 632 616 respondebant.
646 543 749 612 tuine,
763 546 835 617 quod
852 561 884 601 er
899 561 967 617 prae·
1017 547 1174 617 prouidere,
1195 547 1358 604 fraternitati
1374 557 1426 606 tuae
1440 551 1614 621 presentium
1639 556 1805 611 auctoritato

176 639 250 695 dicta
267 652 348 694 causa
363 651 416 692 non
438 642 546 706 poterat
569 650 621 693 nec
648 637 766 693 debebat
783 638 879 691 obesse
894 637 966 708 quud
1017 638 1193 694 concedimus
1207 648 1385 709 qutatenusea
1400 654 1460 710 qna
1474 641 1568 697 taliter
1585 642 1703 699 alienata
1731 662 1809 717 repe·

177 729 367 786 electioninon
383 727 566 783 interfuerant
585 728 711 783 monachi
734 728 886 793 memorati,
901 742 966 784 con·
1016 728 1189 785 rerisraleas
1203 727 1385 799 appellatione
1408 731 1559 800 postposita
1585 731 1704 803 legitime
1727 752 1807 793 reru·

176 829 322 891 sequenter
344 833 375 874 ea
396 833 457 887 quae
486 817 512 874 iu
540 833 685 890 personam
709 820 788 875 electi
810 820 967 892 objecerant
1016 829 1090 871 care

177 912 283 982 penitus
297 908 364 965 laisa
382 919 471 975 erant,
492 924 575 979 super
595 910 679 981 ipsius
702 910 844 967 honestate
858 926 890 967 ac
909 912 965 969 ido·
1053 905 1148 960 [laium
1161 905 1300 972 [silentii
1314 904 1804 981 nl³³¹·1¹¹1¹¹bil⁰¹t¹tilcttlttsuttsttt

177 1002 280 1057 neitate
293 999 450 1056 testimonia
465 998 579 1070 plurima
600 998 654 1055 lide
673 1000 754 1071 digna
768 1010 794 1057 et
809 1002 889 1058 ualde
907 1004 966 1059 ido-
1016 1008 1089 1049 anno
1102 996 1207 1051 decimo
1219 998 1324 1067 uttlnto

177 1106 228 1149 nea
248 1091 275 1146 in
296 1100 387 1147 nostra
414 1089 562 1161 prasentia
588 1089 743 1157 ollerentes,
763 1101 790 1147 et
807 1092 966 1150 conitentes
1050 1081 1085 1138 1²⁸
1100 1085 1219 1139 timim
1233 1086 1475 1158 m⁰dlm⁸⁶lfll¹lm
1489 1097 1528 1143 ²⁸¹
1537 1096 1806 1169 iil⁰stl⁶¹t¹¹ettltc0u0

176 1192 239 1256 pest
252 1181 459 1253 appellationem
468 1178 575 1249 iudices
588 1183 771 1251 processisse;
788 1198 856 1253 quos
870 1199 902 1239 ea
916 1199 965 1255 pe·
1016 1174 1146 1233 Sertettt'·

177 1274 262 1331 tuisse
287 1273 435 1343 procedere
458 1271 564 1327 ratione
590 1271 717 1329 dicebant
740 1275 802 1345 qutia
820 1274 966 1332 interdicta
1387 1268 1432 1324 Ll.

177 1366 264 1420 luerat
275 1362 419 1435 appellatio
430 1362 457 1418 in
467 1363 614 1435 rescripto,
626 1372 653 1419 et
664 1366 725 1433 quia
736 1365 761 1420 in
776 1366 965 1436 appellationis
1105 1375 1237 1417 atttuttto
1256 1373 1452 1417 ancurnttcorto
1471 1376 1716 1423 tnesattutucaust.

176 1454 266 1510 libello
279 1452 381 1507 nullutn
400 1452 555 1523 allegabant
569 1455 694 1511 monacbi
707 1458 855 1526 supradicti
872 1470 966 1529 grana·
1173 1453 1208 1507 Εἰ
1218 1452 1360 1521 coapiantur
1376 1451 1633 1511 archidiaconatum.

177 1560 249 1611 men,
265 1544 401 1615 sicutejus
415 1544 500 1599 series
509 1544 681 1600 ostendebat.
699 1546 770 1602 Drios
784 1562 892 1618 quoque
903 1563 965 1619 pro·
1050 1546 1117 1599 Cum
1131 1558 1146 1597 a
1161 1538 1365 1614 nobis'petitur,
1381 1550 1448 1607 etc„
1459 1546 1806 1615 eaqueperducaturedec·

176 1635 292 1691 cessisse
306 1633 365 1688 sinc
378 1633 458 1687 tertio
470 1632 632 1698 latabantur,
644 1642 671 1688 et
685 1634 965 1707 eaeoipsospotuisse
1015 1644 1084 1687 tum.
1109 1633 1270 1705 Eupropter,
1284 1637 1382 1694 dilecte
1405 1640 1432 1693 in
1448 1636 1563 1693 Domino
1578 1636 1626 1703 iili,
1646 1640 1700 1695 tuis
1725 1640 1807 1711 justis

175 1724 323 1792 procedere
343 1722 501 1777 asserebant
522 1721 585 1792 quia
607 1725 761 1779 mandatum
786 1726 964 1795 apostolicum
982 1706 1141 1794 Bprecibus
1171 1727 1304 1793 inclinati,
1343 1728 1592 1786 arcbidiaconatum
1632 1729 1807 1787 Titessaluui·

176 1810 962 1883 continebatiabnequodslomnesinteressenonpossent,
1015 1814 1105 1869 cerasis
1134 1816 1268 1883 ecclesie,
1297 1817 1371 1873 sicut
1405 1817 1493 1889 ipsunt
1527 1817 1601 1886 juste
1635 1822 1756 1889 possides
1779 1831 1807 1876 et

175 1905 232 1959 duo
250 1902 363 1971 exsequi
381 1903 515 1972 negotium
544 1911 740 1972 procurarent,
764 1918 814 1960 uec
832 1905 882 1961 sibi
901 1907 965 1961 reti·
1015 1905 1118 1975 quiete,
1139 1906 1277 1971 deuotioni
1293 1916 1345 1963 tuae
1357 1908 1519 1964 auctoritate
1531 1909 1678 1978 apostolica
1703 1912 1805 1967 coulir-

175 1992 271 2048 nuisse
284 2000 389 2062 poterut
401 1991 480 2060 iudea
496 1994 593 2049 tertius
604 2003 634 2048 ut
658 1996 788 2049 decisioni
809 1998 908 2068 negotii
923 1999 964 2054 in·
1015 2005 1157 2051 tuaumset
1171 1998 1312 2066 praesentis
1323 1998 1417 2068 scripti
1428 1999 1580 2070 patrocinio
1592 2002 1804 2059 communimus.

174 2093 290 2141 recesset
305 2084 330 2137 ln
342 2086 523 2139 exsecutionis
544 2086 662 2141 mandati
679 2087 822 2155 apostolici
840 2087 964 2158 prejudi-
1015 2086 1086 2141 Nulli
1104 2101 1203 2159 ergo...
1245 2086 1475 2156 confirmationis,
1515 2098 1582 2159 ete,
1606 2108 1688 2161 arque
1714 2092 1807 2147 iucur-

174 2178 286 2233 ciumet
299 2186 446 2245 tamgraue
468 2175 553 2245 ipsius
578 2177 735 2231 ntonastcrii
759 2178 961 2247 detrimentum,
1015 2190 1121 2231 surum.

174 2280 236 2322 cum
252 2258 511 2321 ¹tesuidclicettalis
535 2273 608 2321 esset
637 2267 714 2336 curicus
739 2266 832 2323 dilatio
875 2269 963 2338 ipsum
1051 2264 1149 2321 llttltttu
1161 2265 1301 2337 Laterani,
1326 2285 1362 2324 au
1387 2270 1500 2328 Kalend.
1524 2271 1608 2339 iunii,
1632 2274 1806 2345 pontificatus

174 2357 372 2413 monasterium
387 2357 414 2412 in
433 2355 619 2412 confusionem
635 2356 781 2411 ntaximam
798 2358 962 2416 adducebat.
1016 2356 1104 2410 nostrl
1115 2369 1188 2410 anno
1204 2356 1310 2414 decimo
1321 2362 1426 2430 quinto.

175 2448 252 2517 Quod
277 2447 362 2503 iidem
377 2456 570 2517 procuratores
580 2446 684 2501 ratione
703 2446 843 2517 multiplici
869 2458 964 2503 osten·
1385 2447 1440 2505 ldl.

175 2544 242 2601 dere
263 2542 433 2606 nitebantur,
457 2549 613 2597 asserentes
631 2541 702 2611 qttod
734 2551 762 2597 et
795 2541 847 2598 boc
875 2542 971 2610 ipsum·
1154 2550 1294 2591 tutotuto
1310 2552 1495 2595 sustentatu
1512 2556 1645 2598 ctraansr.

174 2635 262 2691 luerat
274 2644 409 2705 prasente
421 2633 563 2703 capituloa
587 2632 747 2703 qttibusdam
779 2632 909 2689 iratribus
921 2648 963 2691 aa·
1205 2625 1240 2681 Εἰ
1251 2627 1391 2696 coufirmat
1400 2629 1603 2687 thesaurarium.

172 2715 260 2785 uioris
272 2725 380 2783 consilii
394 2740 487 2781 corant
501 2724 582 2781 dictis
593 2725 731 2795 judicibus
754 2726 921 2797 propositum
936 2734 964 2783 et
1048 2714 1133 2773 luisti
1143 2718 1293 2787 Ρθῑθῦῑῑΰῐΰ
1306 2718 1457 2786 desideriis,
1467 2729 1535 2790 etc,
1544 2740 1624 2795 utque
1638 2727 1733 2785 ellectu
1743 2746 1807 2803 pro·

173 2820 300 2890 petitum,
321 2831 355 2873 ue
367 2815 451 2871 abeis
469 2814 572 2873 decisio
585 2830 674 2871 carruae
692 2830 724 2870 ac
743 2816 879 2871 ordinatio
903 2830 963 2871 tuo·
1014 2820 1147 2880 sequente
1162 2812 1309 2882 complere.
1326 2812 1490 2884 Eupropter,
1507 2816 1606 2873 dilecte
1637 2822 1663 2876 in
1693 2824 1808 2883 bouriuo

173 2909 289 2965 casterii
314 2907 480 2972 differretur,
496 2907 544 2962 sed
569 2908 716 2963 metendum
742 2908 814 2977 quod
844 2908 884 2963 eis
902 2914 963 2962 erat
1014 2899 1062 2963 fili.
1081 2900 1473 2971 luiliutlltb⁰⁵1¹¹¹³li⁰tllbt¹⁸
1500 2906 1636 2973 inclinati,
1665 2913 1808 2970 tbesaura·

173 2999 337 3070 injunctum,
362 2998 548 3054 reformationi
573 2998 638 3053 dicti
661 2998 820 3053 mortasterii
846 2998 997 3091 celeriusC
1016 2989 1084 3043 llam
1101 2990 1233 3046 Citiensis
1248 2990 1380 3056 eccle-‘alib
1396 2992 1468 3048 ⁵5⁰¹st
1482 2994 1569 3063 ipsam
1588 2998 1662 3067 iuste
1682 3004 1806 3070 possides

172 3091 359 3164 maderent,
372 3088 450 3145 Unde
462 3089 535 3159 ἥρως
548 3088 709 3145 asserebant
722 3104 775 3145 „011
799 3097 853 3143 ram
866 3089 962 3144 cotun.
1013 3085 1041 3132 et
1054 3079 1155 3149 quiete,
1171 3080 1311 3136 deuotioni
1327 3090 1380 3137 tuae
1391 3084 1554 3140 auctoritate
1567 3089 1725 3157 apostolica,
1738 3104 1805 3161 etc„

173 3186 258 3242 tarios
271 3199 354 3254 qnam
365 3191 475 3240 coactos
488 3183 521 3254 ad
532 3183 755 3253 supplicationem
778 3183 886 3253 capituli
901 3196 963 3250 pro·
1014 3192 1095 3245 urpue
1114 3177 1296 3235 lucursuruur.

171 3279 299 3336 cessisse.
312 3276 367 3334 Nes
381 3277 464 3348 igitur
492 3275 815 3350 hisetaliisquaenubis
847 3273 963 3332 iideliter
1049 3267 1299 3336 littuutltatcraui,
1316 3285 1351 3323 ar
1375 3269 1488 3327 Kalend.
1516 3271 1600 3340 iunii,
1630 3273 1805 3346 poutidcatus

170 3371 261 3428 relata
288 3370 394 3426 luerent
421 3369 456 3423 ab
479 3369 584 3426 eisdem
598 3368 782 3424 cardinalibus
807 3366 962 3434 intellectis,
1013 3360 1182 3415 ”titillando
1196 3359 1300 3416 decimo
1318 3361 1422 3432 quinio·
1695 3351 1698 3356 ¹

169 3477 223 3534 per
245 3461 392 3531 apostolica
419 3460 498 3516 uobis
522 3459 624 3529 scripta
649 3459 810 3515 mandamus
830 3467 963 3529 quatenus
1377 3451 1441 3509 bttt.

172 3551 285 3610 caeteris
302 3552 425 3622 capitulis
439 3565 500 3622 quae
520 3551 547 3606 in
559 3549 695 3606 sententia
721 3547 845 3618 iudicum
874 3548 963 3604 cordi·
1013 3553 1220 3622 tlclttfll¹⁵l2⁰¹²⁰
1240 3556 1361 3596 ΝΜΟ
1378 3558 1414 3598 ΕΤ
1433 3559 1590 3602 ”mili-iil
1612 3560 1749 3617 81'15001‘0,
1767 3566 1804 3608 tt

171 3653 274 3700 nentur
292 3643 319 3699 in
333 3657 383 3698 suo
398 3643 496 3700 robore
514 3643 663 3707 duraturis,
690 3639 846 3696 summatim
859 3647 887 3695 et
904 3639 962 3695 sine
1264 3645 1366 3689 tttcatto
1387 3650 1555 3692 nannetensi.

171 3733 421 3804 emnijudiciorurn
434 3731 549 3802 strepitu
576 3731 747 3801 inquirentes
774 3732 807 3786 de
829 3730 963 3786 electione
1014 3721 1049 3777 Ul
1064 3723 1599 3799 ullateaGrcciobedientarctriepirropo
1615 3731 1803 3792 Cerintlrieasi.

171 3827 288 3883 sollicite
302 3825 455 3889 ueritatem,
478 3824 501 3879 si
513 3837 574 3878 eam
599 3821 757 3877 inveneritis
776 3823 906 3876 cartouice
929 3823 963 3875 de
1215 3813 1365 3884 (Laterani,
1377 3832 1414 3871 an
1428 3816 1489 3875 llal.
1504 3819 1601 3891 tenti.)

171 3931 288 3988 persona
304 3917 400 3972 idottea
415 3915 596 3978 celebratam,
611 3913 837 3968 nonobstantibus
850 3912 963 3982 hisquae
1050 3903 1087 3958 Et
1101 3912 1178 3975 berle
1194 3904 1358 3961 venerabilis
1383 3901 1483 3985 [tetris
1502 3899 1587 3965 nostri
1604 3911 1804 3972 Corinthiensis

172 4004 645 4077 sepedicttmonaebtopponebant,
672 4002 759 4072 ipsam
779 4001 887 4056 sublato
914 4015 962 4054 cu·
1014 3994 1208 4064 archiepiscopi
1234 3994 1284 4050 luit
1313 3998 1481 4066 propositum
1504 4014 1597 4055 coram
1624 4003 1701 4059 nobis
1730 4007 1804 4075 qrrod

169 4096 283 4167 juslibet
305 4093 528 4148 contradictionis
552 4098 579 4147 et
607 4090 794 4162 appellationis
822 4087 963 4145 obstaculo
1015 4087 1126 4142 abbates
1140 4086 1228 4144 Graeci
1240 4088 1441 4146 Corinthiensis
1453 4089 1583 4149 dloecesis
1601 4094 1722 4151 debitam
1749 4099 1804 4158 cibi

172 4184 352 4244 confirmetis.
366 4183 491 4252 Alioquin
504 4182 538 4238 de
551 4182 602 4235 alia
618 4195 732 4251 persona
747 4182 842 4235 idonea
859 4187 887 4234 ct
912 4179 961 4232 bo·
1013 4177 1194 4234 obedientiam
1208 4189 1235 4235 et
1249 4182 1440 4248 reuerentiam,
1452 4185 1586 4252 superbia
1599 4189 1707 4243 accensi
1722 4190 1805 4259 spiri-

172 4288 250 4334 nesta
263 4277 353 4332 cidem
368 4275 535 4330 monasterio
550 4273 658 4330 iacietis
673 4272 838 4328 auctoritate
852 4280 962 4343 aposto-
1014 4274 1053 4334 tu,
1064 4268 1293 4338 nontnpenuonc
1307 4269 1441 4338 erocirca
1456 4275 1630 4342 praesentiam
1646 4279 1723 4336 robis
1752 4296 1804 4334 au·

172 4371 225 4425 lica
238 4369 309 4425 inira
324 4367 504 4438 quadraginta
519 4365 577 4420 dies
599 4379 647 4434 per
663 4365 823 4419 electionem
847 4361 961 4418 eartuui-
977 4389 1001 4448 B
1014 4359 1141 4414 ctoritate
1156 4361 1316 4416 mandamus
1325 4369 1458 4430 quatenus
1470 4360 1583 4419 abbates
1592 4362 1648 4432 jum
1665 4368 1751 4424 dictos
1774 4379 1805 4426 ut

172 4474 233 4517 carn
274 4458 425 4530 provideri;
460 4457 614 4512 mandatum
654 4453 829 4523 apostolicum
870 4452 963 4507 taliter
1014 4449 1065 4518 ipsi
1078 4449 1284 4520 archiepiscopo
1300 4453 1481 4506 reuerentiam
1497 4463 1525 4508 et
1549 4455 1731 4511 obedientiam
1753 4459 1801 4514 de·

172 4550 312 4620 impleturi
340 4548 413 4618 quod
439 4548 467 4602 iu
483 4547 631 4602 novissimo
643 4545 748 4602 districi
767 4542 902 4600 examinis
918 4543 963 4598 die
1013 4537 1097 4594 bitum
1110 4539 1266 4609 impendere
1279 4553 1332 4595 non
1356 4548 1533 4610 postponant,
1561 4543 1711 4597 monitione
1731 4560 1801 4614 pree·

173 4641 285 4712 dignam
298 4639 455 4696 retributori
470 4641 591 4694 emerium
605 4650 687 4709 anper
700 4636 752 4692 boe
764 4635 875 4706 possitis
902 4634 964 4690 red·
1013 4630 1096 4686 missa
1110 4646 1160 4702 per
1174 4645 1318 4686 censuram
1339 4631 1555 4686 eeclesiasticam
1564 4631 1672 4688 sublato
1684 4637 1804 4704 appella·

173 4733 240 4790 dere
251 4731 397 4787 rationem.
412 4729 489 4797 Quod
508 4731 530 4786 si
544 4746 597 4786 non
617 4743 748 4786 omues...
763 4730 816 4784 duo
839 4736 961 4784 restrum
1014 4720 1095 4777 tionis
1110 4724 1249 4779 obstaculo
1261 4722 1441 4793 compellatis.
1457 4719 1535 4790 Quod
1557 4722 1580 4777 si
1593 4738 1645 4778 uon
1672 4739 1803 4782 ornum...

171 4837 205 4879 ea
219 4822 397 4880 nibilominus
406 4830 600 4890 exsequantur.
1013 4813 1067 4869 duo
1080 4823 1213 4882 restrum,
1228 4822 1282 4870 etc.

207 4915 306 4970 Datum
321 4908 962 4983 Laterani,xullal.luuii,pontidcatusnostri
1047 4908 1146 4963 ilatum
1181 4906 1324 4972 Laterani,
1352 4922 1389 4960 art
1422 4905 1483 4962 llal.
1507 4907 1595 4976 lunii,
1629 4908 1804 4980 pontillcatua

170 5019 244 5058 anno
254 5003 360 5059 deciuto
374 5002 477 5071 quinto.
728 5019 735 5034 ·
1013 5000 1098 5056 nostri
1110 5015 1182 5055 anuo
1196 5000 1421 5069 decimo-quinto.

555 5093 585 5148 l..
1087 5126 1091 5136 ·
1380 5092 1446 5147 btv.

372 5200 533 5242 caletacensi
551 5197 766 5240 ancittartscono.
1170 5196 1255 5238 cccao
1272 5198 1308 5238 ετ
1326 5198 1427 5240 roauco
1445 5199 1625 5252 ntzaaocerrsr

352 5278 390 5333 De
406 5279 556 5334 reuocandis
570 5277 782 5331 alienationibus.
1156 5274 1188 5330 llt
1203 5275 1325 5330 obedient
1338 5279 1458 5348 episcopo
1469 5278 1633 5337 Sideaieart'.

368 5371 518 5441 (Laterani,
535 5384 568 5424 rr
582 5369 644 5426 llal.
659 5367 755 5440 lutatii.)
1048 5368 1116 5426 Cum
1133 5369 1305 5439 episcopatus
1318 5377 1410 5424 uester
1424 5369 1461 5426 sit
1472 5369 1603 5439 pastorali
1618 5364 1802 5432 sollicitudine

208 5461 375 5540 Propostristi
392 5463 471 5519 nobis
485 5463 511 5518 in
541 5471 632 5518 nostra
648 5463 962 5532 praesetntaeousttrums
1012 5461 1171 5525 destitutus,
1183 5474 1246 5515 eum
1258 5459 1406 5515 venerabili
1417 5460 1495 5516 tratri
1525 5472 1621 5518 nostro
1645 5459 1803 5520 sidoniensi

170 5556 386 5630 quodnonnulle
395 5557 580 5628 possessiones
593 5563 621 5610 et
631 5555 683 5610 alia
694 5555 763 5610 buna
772 5553 893 5610 eeclesiae
909 5563 962 5610 tuae
1012 5551 1141 5622 episcopo
1154 5549 1282 5607 doxiutus
1296 5550 1521 5607 committendum
1530 5552 1699 5624 injungentes
1710 5554 1802 5611 eldam

170 5661 224 5718 per
230 5663 409 5720 precessores
418 5660 477 5706 tuos
492 5657 519 5706 ct
529 5648 596 5704 alius
608 5649 697 5704 miuus
707 5645 825 5720 legitime
833 5657 895 5704 suttt
907 5647 961 5704 tlis·
1013 5653 1043 5699 ιιι
1055 5657 1087 5698 ea
1100 5657 1162 5714 quae
1173 5651 1298 5714 spectant
1312 5643 1346 5697 ad
1360 5656 1454 5700 coram
1470 5641 1552 5700 cilicii
1566 5645 1713 5715 pastoralis
1723 5645 1791 5704 tobi
