4109 6325
38 5604 40 5698 i
59 5702 66 5711 ,
143 5646 205 5703 tillo
216 5656 303 5701 exstat
318 5646 364 5701 lib.
379 5660 400 5708 t,
412 5644 491 5713 epist.
505 5643 569 5696 bii.

42 6020 44 6074 l

43 6077 58 6284 l

127 306 199 367 (Μ
573 301 681 364 tutttt
701 302 867 364 celeber.
888 293 1083 362 nbcbbttb.
1102 296 1311 362 innocentii.
1689 299 1758 359 teat

126 425 286 493 deceptum,
299 422 401 492 abipsa
415 419 593 478 Namurccnsi
607 424 762 491 praterea,
779 437 860 490 nutant
872 420 918 474 diu
933 423 957 480 Α
972 435 1043 473 nuttc
1058 435 1106 488 per
1129 419 1174 474 liei
1197 419 1312 491 gratiam
1335 417 1452 472 libertati
1469 415 1588 487 pristinae
1605 415 1756 485 restitutus,

126 513 227 568 dicitur
239 513 403 581 possedisse,
418 522 510 568 amoto
523 511 863 582 coramngmneoipsitst.
876 509 919 565 rei
969 519 1080 580 paratus
1094 520 1135 567 est
1154 510 1293 581 pecuniam
1313 507 1425 564 reddere
1444 509 1592 573 creditori;
1615 508 1676 566 liert
1699 513 1758 583 ipsc

124 600 248 670 quolibet
273 600 327 656 alio
354 601 450 657 illicito
477 602 629 665 detentore,
656 602 781 657 eantdem
810 596 919 655 sublato
969 615 1080 671 prorsus
1100 615 1161 658 eam
1187 611 1326 657 recusaret
1344 602 1551 673 recipcre,r1ula
1571 601 1595 658 ci
1621 617 1673 658 non
1697 619 1757 660 eam

124 689 315 760 appellationis
323 690 467 746 obstaculo
478 691 628 748 G.iaciatis
639 694 742 746 restitui
757 701 917 756 ntemomtu,
969 701 1072 748 statute
1087 692 1203 749 termino
1218 691 1361 763 persolvit.
1382 686 1449 746 Cum
1464 692 1547 762 igitur
1560 703 1668 762 pactum
1683 709 1760 750 cont⁴

124 791 152 838 et
169 783 298 838 eumdem
314 783 399 854 ipsius
414 783 526 851 pacibea
539 783 709 852 possessione
719 783 847 852 gauderet
969 781 1101 838 misseriae
1124 784 1158 839 sit
1183 784 1210 838 in
1233 783 1391 854 pignoribus
1413 781 1603 853 improbatum,
1619 795 1657 850 et,
1672 799 1759 854 natan—

389 873 540 932 iltutus
558 873 650 930 liillll.
970 880 1026 926 tum
1051 873 1078 929 in
1104 889 1137 930 eo
1159 875 1221 939 luit,
1247 875 1393 943 praetiictus
1418 871 1450 930 tt.
1465 876 1609 946 juramenti
1639 877 1758 932 debitum

231 955 270 1018 De
286 963 326 1018 itit
341 978 399 1034 pert
412 964 563 1018 rimetusus
576 975 805 1034 contegerentur.
967 964 1164 1034 adimpleverit,
1185 981 1246 1021 cunt
1260 982 1309 1038 per
1320 981 1381 1022 eum
1397 981 1477 1038 quent
1492 977 1596 1023 certum
1610 975 1637 1022 ct
1652 969 1758 1024 lldcletn

207 1071 272 1111 tortu
291 1069 395 1110 nectam
413 1071 449 1110 ετ
467 1068 621 1111 ιυιιιιιιιιιιο
638 1069 832 1110 ttucotmrmst.
969 1057 1092 1111 nuntium
1107 1057 1234 1128 sperabat
1253 1059 1394 1129 pectmiam
1409 1060 1545 1117 remiserit
1565 1060 1680 1118 terruino
1695 1076 1760 1116 con·

160 1145 219 1218 (tlt)
236 1145 277 1201 bd
301 1143 470 1200 attdierttiam
495 1155 618 1201 nostram
649 1145 749 1200 dilecto
776 1146 832 1202 illio
857 1157 918 1200 tna-¹
968 1145 1074 1210 stituto,
1089 1155 1118 1200 ct
1132 1148 1195 1202 dum
1215 1148 1242 1200 in
1259 1149 1391 1218 imperiali
1409 1149 1458 1224 luit
1475 1151 1602 1220 captione
1622 1145 1759 1216 deten'tus,

125 1237 214 1310 gistro
228 1237 276 1293 lle.
291 1237 463 1310 significante
476 1239 598 1308 persenit
611 1239 684 1308 quod
694 1255 756 1294 euru
771 1237 916 1294 eeclesiam
968 1233 1125 1290 satisfacere
1150 1249 1202 1289 nnn
1224 1237 1341 1304 potnerit
1357 1234 1493 1301 creditori,
1509 1239 1646 1295 devotioni
1664 1251 1769 1298 vestrm.

125 1330 160 1383 dc
176 1327 294 1384 Citercle
312 1327 478 1383 auctoritate
503 1328 576 1383 sedis
600 1326 758 1398 apostolieae
783 1328 917 1385 canonice
967 1325 1142 1394 praeentiam
1157 1327 1320 1382 arteturitale
1335 1329 1496 1384 mandemus
1513 1332 1680 1401 qttatenussl
1692 1347 1761 1401 prcc-

126 1419 221 1475 iuisset
235 1419 358 1488 adeptus,
380 1427 408 1474 et
425 1419 581 1488 aliquandiu
607 1418 719 1487 pacidce
742 1419 917 1488 possedisset,
970 1416 1061 1474 utissis
1086 1416 1190 1474 ueritas
1207 1416 1384 1490 suffragatur,
1401 1421 1559 1491 predictum
1586 1424 1759 1488 creditorem,

125 1512 287 1579 gratissimo
300 1512 409 1568 tandem
422 1513 494 1584 tegis
511 1522 583 1569 metu
597 1512 669 1583 quod
685 1527 745 1568 eam
764 1514 918 1584 resignaret
969 1517 1000 1563 ut
1013 1517 1089 1564 sorte
1109 1517 1251 1564 contentus
1275 1510 1390 1573 existat,
1403 1509 1579 1580 pensionibus
1597 1513 1703 1582 prelati
1721 1515 1763 1584 pi·

121 1598 216 1668 jurare
233 1611 354 1666 coaetus,
373 1616 433 1656 eam
454 1600 481 1656 in
506 1616 599 1656 ettrum
621 1603 655 1656 ad
675 1616 744 1671 euos
757 1603 918 1672 pertinebat
967 1603 1063 1671 'gaoris
1083 1600 1246 1671 computatis
1267 1602 1294 1656 in
1317 1609 1431 1668 suttettt,
1451 1610 1479 1658 et
1502 1583 1762 1674 dotrttrm'ipsarnct

125 1692 250 1747 manibus
261 1693 418 1764 resignarit.
433 1693 501 1760 Quia
514 1709 578 1750 tero
589 1708 649 1762 quae
661 1694 686 1749 ti
697 1704 821 1764 metasse
832 1709 917 1751 causa
970 1691 1081 1748 bortum
1104 1691 1217 1762 praelate
1239 1692 1270 1748 tl.
1287 1695 1361 1748 otttni
1384 1694 1533 1764 postposita
1547 1695 1679 1752 dilatione
1694 1675 1762 1753 resia

125 1783 205 1851 btrnt,
227 1800 324 1840 carere
346 1783 445 1840 debent
465 1786 565 1841 rubore
583 1785 734 1852 breuitatis,
755 1787 918 1842 mentientes
933 1759 955 1816 Β
968 1792 1043 1854 gnei,
1067 1799 1116 1856 per
1139 1799 1283 1840 censuram
1301 1783 1524 1840 ,ecclesiasticam
1546 1795 1626 1856 pacto
1648 1786 1690 1842 rel
1713 1787 1762 1842 tali

125 1883 260 1942 ottatctms
275 1875 298 1932 si
321 1876 447 1931 cttnrdem
476 1876 636 1946 magistrum
651 1890 685 1930 eo
706 1884 778 1931 metu
794 1877 828 1930 ad
848 1876 916 1930 resi·
965 1872 1123 1942 juramento
1139 1887 1310 1944 nequaquam
1325 1874 1465 1939 obstante,
1485 1874 1668 1934 admonitione
1689 1891 1760 1947 prce·

124 1967 279 2038 gnationeur
307 1967 458 2024 taciendam
484 1969 561 2024 tobis
584 1968 737 2024 constiterit
763 1967 847 2024 luisse
870 1982 917 2024 eo-

125 2067 217 2114 actum
230 2060 277 2129 qni
291 2060 411 2130 potuerit
426 2059 467 2115 tel
481 2059 607 2116 debuerit
626 2060 727 2116 eadere
745 2061 773 2115 iu
790 2069 918 2115 constan·

127 2159 194 2217 tent,
210 2165 264 2206 nort
281 2150 406 2206 obstante
421 2151 578 2219 iuramento
595 2151 735 2220 predicto,
750 2165 804 2222 que
819 2166 872 2206 non
883 2152 918 2206 ad

125 2240 302 2310 repetendum
321 2240 369 2294 sed
390 2239 423 2293 ad
441 2239 635 2311 resignandum
650 2239 821 2296 solornmndo
842 2249 918 2296 tene·

125 2332 223 2398 batur,
237 2331 378 2401 praeiatam
399 2331 543 2388 ecclesiam
564 2332 590 2385 ei
607 2348 654 2402 per
669 2347 813 2387 censuram
828 2332 918 2388 cerle-

126 2420 264 2476 siasticam
290 2420 397 2476 sublato
422 2420 611 2492 appellationis
637 2420 779 2478 obstaculo
808 2422 916 2478 restitui

125 2513 243 2568 fecialis,

215 2621 278 2660 tosa
300 2621 461 2662 uassrttrrst
481 2620 516 2661 er
535 2617 666 2659 tetresse
685 2614 827 2659 natscoats.

166 2698 225 2768 tet)
241 2699 308 2754 Cum
322 2698 436 2754 dilectus
454 2698 527 2753 itlius
538 2695 622 2751 abbas
633 2697 666 2752 de
681 2695 701 2750 F
703 2695 835 2751 erendillo
847 2695 917 2764 (55),

125 2797 180 2846 tte.
193 2790 229 2846 Et
245 2792 338 2862 intro:
357 2790 426 2858 Quia
448 2789 572 2846 constitit
591 2786 670 2843 nubis
689 2788 722 2842 de
742 2795 805 2842 toto
819 2786 919 2842 erasisse

970 1965 1069 2030 missa,
1087 1963 1195 2021 sublato
1212 1964 1436 2022 contradictionis
1450 1974 1478 2021 et
1500 1965 1689 2038 appellationis
1711 1967 1762 2025 elt-

970 2057 1084 2122 staculo,
1101 2057 1280 2128 compellatis.

969 2162 1033 2203 tnrtt
1047 2159 1251 2206 accurertsoeao
1269 2159 1428 2208 tcusntrrst
1441 2149 1598 2223 [dumiensi
1611 2151 1760 2226 episcopal.

1007 2239 1065 2311 (55)
1081 2238 1158 2296 Sient
1173 2241 1274 2296 nestris
1286 2251 1327 2296 cst
1340 2242 1452 2298 antibus
1466 2239 1630 2310 intimatum,
1643 2243 1762 2302 Ecclesia

970 2332 1072 2387 dudum
1088 2331 1235 2388 'tudertina
1259 2341 1382 2398 vacante,
1398 2331 1483 2402 ipsius
1498 2333 1621 2388 canonici
1641 2342 1667 2388 ct
1682 2349 1762 2390 retro·

971 2420 1064 2486 rabilis
1074 2421 1159 2477 irater
1173 2432 1267 2478 noster
1280 2423 1424 2494 episcopus
1437 2423 1531 2479 ridens
1545 2425 1617 2495 quod
1632 2441 1694 2482 curn
1710 2429 1761 2492 eis,

970 2514 1035 2570 dum
1048 2514 1075 2570 iu
1098 2514 1195 2569 minori
1216 2523 1290 2570 esset
1309 2513 1398 2572 eibcio
1419 2515 1595 2582 constitutus,
1608 2517 1762 2584 juramenta

970 2604 1092 2675 guardam
1105 2605 1132 2658 iu
1145 2605 1273 2659 damnum
1284 2604 1446 2677 episcopalis
1453 2605 1523 2674 iaris
1536 2605 1659 2662 iecertmt
1674 2607 1764 2676 prius·

970 2709 1053 2764 quatu
1068 2697 1100 2752 de
1113 2697 1249 2765 pontilicis
1264 2695 1396 2752 electione
1413 2704 1544 2752 tractatus
1562 2697 1662 2768 aliquis
1676 2697 1760 2752 itabe-

972 2796 1063 2854 retum
1073 2803 1140 2872 ⁸tpttrc
1151 2797 1242 2842 utrum
1257 2787 1360 2842 serrari
1377 2785 1500 2850 debeam,
1513 2799 1576 2860 carm
1590 2802 1622 2840 cx
1636 2787 1677 2841 cis
1693 2801 1763 2856 prae·

126 2895 154 2940 et
173 2886 294 2956 praestito
310 2885 499 2956 jttrameutea
521 2883 660 2939 canonicis
681 2882 832 2938 insularum
847 2883 918 2952 qttod
971 2879 1067 2935 sertim
1094 2879 1265 2948 contingeret
1286 2877 1455 2948 episcopales
1478 2877 1599 2934 redditus
1621 2878 1762 2942 minorari,

128 2976 250 3048 regulam
274 2976 485 3032 cisterciensem
512 2975 697 3038 observarent,
721 2973 920 3030 nonobstante
972 2979 1101 3039 tanquam
1128 2967 1170 3023 tir
1192 2969 1322 3038 providus
1336 2977 1364 3023 ct
1380 2968 1511 3024 discretus
1532 2967 1596 3024 olim
1621 2981 1670 3024 nos
1692 2968 1762 3023 idem

126 3066 257 3122 uiolentia
278 3082 339 3137 rptae
353 3067 556 3138 proponebatur
570 3065 660 3131 illata,
672 3065 735 3120 cttm
753 3078 842 3135 neque
861 3077 919 3120 me·
934 3098 956 3156 c
972 3063 1050 3119 duxit
1073 3056 1216 3131 episcopus
1239 3059 1428 3117 consulendos.
1445 3059 1499 3116 Nus
1520 3075 1587 3132 ergo
1608 3061 1689 3117 saluti
1704 3060 1763 3131 eius

128 3169 184 3215 tum
201 3159 297 3215 mortis
312 3159 487 3227 cotttinuerit,
510 3175 599 3229 neque
618 3158 740 3229 eorporis
754 3158 918 3227 cruciatum,
972 3165 1084 3227 paterna
1110 3152 1230 3208 tolentes
1252 3146 1434 3207 sollicitudine
1449 3149 1607 3223 proritare,
1621 3168 1670 3223 pro
1684 3151 1762 3223 iura·

127 3260 156 3308 ct
183 3252 246 3307 ideo
270 3266 324 3305 nou
352 3252 482 3307 debuerat
507 3252 605 3307 catere
632 3251 659 3305 iu
683 3258 852 3314 curtstantes,
870 3266 921 3307 nec
973 3246 1166 3303 tioncincauta
1182 3242 1282 3314 iatpnni
1298 3241 1475 3297 sibiletimus
1497 3242 1684 3311 poeniteutiam
1698 3256 1763 3299 con·

126 3344 281 3402 obsistente
294 3342 356 3400 dole
368 3360 423 3415 mro
436 3360 466 3401 se
481 3344 670 3416 proponebant
681 3342 764 3399 luisse
777 3345 920 3410 seductos,
972 3342 1124 3408 gruemmn.
1155 3332 1188 3401 Et
1212 3332 1388 3387 nibilominus
1410 3331 1582 3387 attemleutes
1599 3331 1670 3399 cuod
1688 3330 1761 3401 iura·

128 3450 192 3494 cunt
208 3436 270 3493 talis
283 3436 360 3493 dolus
375 3452 429 3493 nott
450 3446 504 3491 tam
520 3437 554 3491 ad
569 3436 829 3491 circumventionem
841 3436 923 3493 abba·
973 3434 1094 3483 mettium
1106 3465 1113 3490 ,
1127 3438 1180 3481 nott
1202 3432 1232 3477 ιι)
1256 3430 1328 3479 esset
1349 3422 1499 3492 iniquitatis
1522 3418 1669 3487 vinculum,
1684 3420 1765 3477 tuerit
1781 3408 1784 3415 ⁴

130 3530 167 3585 trs
188 3530 222 3585 ac
241 3528 347 3585 attacta
367 3543 449 3599 aaran
472 3529 506 3583 aa
531 3527 684 3583 catonum
708 3542 803 3583 eoram
826 3528 923 3583 tenen
972 3514 1146 3584 testaturam,
1160 3525 1187 3571 et
1203 3514 1273 3585 quot
1288 3512 1506 3582 retinemento
1523 3512 1571 3569 sat
1585 3510 1703 3585 periuria
1717 3527 1765 3583 no·

130 3620 295 3689 retorqueri,
322 3632 405 3689 supet·
430 3616 603 3673 restitutione
626 3615 710 3686 petita
730 3616 867 3671 silentium
889 3614 924 3670 de
975 3608 1027 3664 tius
1041 3616 1104 3664 sunt
1124 3606 1238 3661 dicenda
1252 3619 1312 3676 qttte
1327 3613 1420 3661 corttra
1436 3603 1650 3661 ecclesiasticam
1664 3602 1766 3659 utilita-

116 3712 248 3767 ronsilio
262 3712 379 3765 iratrum
398 3716 555 3765 ttestrorum
574 3706 703 3761 duximus
719 3704 760 3761 eis
775 3704 923 3761 seutentia-
974 3708 1030 3755 tem
1054 3706 1244 3764 attentantur,
1270 3696 1433 3752 fraternitati
1465 3707 1518 3751 tuae
1544 3709 1592 3763 per
1618 3694 1764 3765 apostolica

131 3801 410 3873 literimpoueudum.
974 3790 1078 3861 scripta
1102 3790 1262 3846 maurianus
1276 3797 1411 3858 quatenus
1433 3784 1613 3858 personaliter
1624 3786 1658 3843 atl
1674 3785 1767 3841 Eccle-

406 3886 557 3943 truncus
576 3886 648 3941 xix.
974 3879 1043 3935 siam
1064 3879 1240 3938 ‘tudertinam
1263 3878 1407 3941 accedens,
1421 3877 1492 3948 quod
1516 3878 1543 3932 in
1568 3877 1695 3932 damnum
1708 3876 1765 3946 epi·

291 3982 328 4039 lle
340 3982 421 4037 licitis
438 3988 463 4035 et
479 3979 580 4035 illicitis
594 3977 765 4049 juramentis.
974 3971 1094 4045 scopulis
1115 3972 1187 4045 juris
1210 3970 1344 4041 repereris
1368 3968 1458 4025 taliter
1483 3976 1657 4031 attentatum,
1673 3976 1766 4023 nostra

132 4084 197 4131 abra
216 4088 312 4130 euentu
334 4088 426 4129 cotttrt
445 4087 481 4128 er
500 4083 643 4127 mansueto
667 4081 759 4123 rtsttm
782 4076 922 4123 ctnetuco.
974 4062 1101 4120 suffultus
1119 4062 1278 4119 auctoritate
1293 4060 1321 4116 itt
1335 4069 1436 4117 statum
1451 4059 1571 4117 debitum
1586 4057 1767 4129 appellatione

168 4166 226 4237 tbi)
247 4164 424 4236 significante
444 4161 613 4219 dilectabile
633 4158 728 4215 liabeo
744 4158 805 4214 cite
825 4156 925 4212 Pisano
976 4161 1080 4210 remota
1099 4154 1223 4215 reducas,
1238 4150 1340 4206 iaciens
1354 4150 1426 4220 quod
1441 4150 1610 4215 decreveris,
1624 4156 1678 4205 etc.
1757 4202 1759 4207 ,

134 4258 168 4313 ad
188 4267 309 4313 nostram
335 4255 466 4311 noveritis
487 4253 653 4309 audientiam
677 4249 833 4320 pervenisse
851 4246 924 4317 qttoti
1141 4262 1204 4303 tortu
1224 4258 1347 4303 tutnsrnt
1366 4258 1425 4303 nter
1447 4256 1600 4300 anteouutt.

133 4363 197 4404 cum
211 4346 322 4403 demum
336 4362 412 4401 suam
435 4360 497 4400 cum
519 4345 598 4400 burto
620 4340 679 4398 Gal.
696 4340 794 4395 Pisano
809 4339 861 4395 citi
876 4352 925 4409 pro
1012 4339 1069 4411 (56)
1085 4332 1123 4395 tx
1147 4346 1240 4395 tenore
1265 4338 1414 4392 litterarum
1432 4344 1539 4391 tuarum
1555 4334 1633 4391 nobis
1648 4330 1769 4395 innotuit

134 4456 204 4499 ectu
217 4441 291 4495 libris
299 4439 403 4510 pignori
415 4439 562 4509 obligasset
574 4445 598 4491 et
612 4434 791 4506 promisisset,
800 4431 925 4487 cautione
942 4434 1051 4503 tinuod
1064 4432 1174 4503 quidam
1188 4430 1337 4487 consiliarii
1356 4429 1405 4495 tui,
1420 4429 1485 4498 quin
1503 4428 1558 4481 into
1580 4427 1669 4496 potius
1688 4424 1769 4481 dece·

134 4532 257 4603 praestita
266 4528 426 4599 juramenti,
440 4527 512 4597 quod
527 4525 579 4581 nisi
599 4525 708 4579 alemant
727 4523 813 4592 ipsam
824 4528 925 4577 statute
978 4533 1080 4593 ptores,
1097 4531 1171 4577 tuum
1191 4520 1311 4579 atrimum
1338 4520 1503 4598 induxerunt
1517 4525 1545 4571 nt
1556 4516 1686 4584 jurares,
1704 4515 1769 4569 irre·

136 4627 210 4681 inter
226 4636 274 4679 ees
293 4620 410 4677 termino
429 4617 608 4689 recolligeret,
624 4616 748 4671 eutttdem
763 4613 925 4669 creditorem
978 4612 1080 4683 quisito
1102 4626 1213 4669 assensu
1241 4610 1343 4681 populi,
1368 4624 1455 4679 usque
1481 4604 1515 4661 ad
1537 4618 1642 4662 certum
1664 4612 1770 4673 tempus

136 4713 252 4771 ulterius
274 4726 357 4785 super
379 4726 411 4767 ea
438 4710 549 4765 minitare
566 4705 733 4770 molestaret,
756 4703 828 4759 inira
842 4712 928 4760 statu·
979 4703 1065 4774 patris
1087 4702 1124 4757 tui
1148 4714 1314 4757 eottserrare
1329 4705 1476 4761 ntonctam,
1499 4710 1559 4765 quae
1584 4703 1674 4749 tamen
1696 4690 1770 4747 circa

137 4816 196 4861 tum
219 4815 326 4875 tempus
338 4818 387 4874 pet
401 4810 505 4858 certum
527 4806 557 4856 et
578 4797 684 4853 lldclem
700 4796 823 4851 nuntium
846 4808 928 4865 pecu·
980 4802 1095 4849 mertem
1112 4791 1196 4862 ipsius
1216 4788 1305 4845 luerat
1322 4786 1443 4858 legitimo
1463 4784 1582 4855 pondere
1598 4780 1771 4839 defraudata.

139 4899 212 4953 niam
227 4896 344 4962 remisit,
355 4910 437 4965 quam
453 4893 524 4949 idem
534 4892 655 4957 nuntius,
671 4888 818 4945 ittildcliter
832 4903 929 4957 agens,
980 4882 1115 4952 Quoniam
1130 4893 1220 4937 autem
1233 4878 1326 4934 eadem
1339 4884 1446 4933 ttteueta
1459 4884 1502 4931 est
1513 4874 1582 4931 adeo
1595 4874 1728 4930 diminuta
1744 4883 1772 4927 ct

140 4991 212 5044 sicut
233 4988 258 5044 ei
282 4986 433 5057 iniunctum
450 4983 548 5049 luerat,
569 4995 623 5037 non
648 4978 789 5050 persolvit.
808 4976 931 5047 Cumque
981 4974 1096 5029 mitteris
1114 4970 1213 5027 taloris
1229 4968 1326 5025 effecta
1348 4968 1420 5039 quoti
1439 4981 1521 5039 grate
1539 4972 1649 5037 propter
1670 4964 1722 5021 boc
1745 4963 1771 5017 in

140 5081 312 5152 pestntedum
332 5076 478 5147 pradictus
497 5076 530 5129 ll.
550 5075 585 5129 ab
601 5074 761 5142 imperatore
775 5079 871 5138 captus
885 5084 931 5139 pa·
981 5065 1081 5136 populo
1106 5060 1262 5119 scandalum
1285 5068 1450 5130 generatur,
1467 5066 1495 5113 tu
1521 5057 1591 5128 quod
1615 5069 1713 5127 egeras
1732 5054 1772 5129 ³¹¹¹.

142 5174 209 5226 riter
218 5178 246 5225 et
258 5170 383 5225 detentus
404 5168 488 5223 multa
502 5165 621 5236 pericula
642 5160 804 5218 sustinuerit
816 5170 841 5215 et
858 5160 931 5213 labe·
982 5156 1109 5220 discrete,
1124 5154 1239 5210 discrete
1263 5152 1375 5222 cupiens
1397 5164 1536 5219 ueroeam,
1561 5163 1594 5204 ac
1617 5146 1772 5204 necessitati

142 5280 197 5329 res,
214 5276 265 5319 nec
287 5262 359 5317 dieto
372 5261 406 5318 G.
427 5260 586 5315 satisfacere
610 5256 738 5327 potatorit,
753 5263 783 5310 ut
804 5250 930 5319 debebat,
983 5246 1072 5319 populi
1096 5244 1264 5311 satisfacere,
1286 5243 1320 5299 alt
1337 5242 1527 5299 obseruatione
1540 5238 1688 5313 juramenti
1705 5234 1773 5309 prtu-

982 5423 1162 5565 plgtgggrlhap·
1178 5490 1251 5547 sicat
1263 5492 1371 5553 nostris,
1389 5492 1426 5548 lte
1439 5486 1665 5547 constitutionib.
1680 5486 1774 5544 litter·

178 5438 235 5505 (5))
247 5435 307 5493 lib,
322 5452 353 5498 tt,
368 5436 447 5504 epist.
459 5432 521 5488 282.

180 5507 237 5575 (52)
250 5505 308 5561 lib.
323 5522 352 5567 tr,
366 5507 445 5575 epist.
458 5506 502 5558 ill.
996 5563 1002 5575 Ι

179 5578 237 5645 (53)
252 5577 317 5647 leg.
338 5575 461 5629 Floreittt.
477 5573 543 5627 liam
560 5584 641 5626 causa
660 5566 766 5624 abbatis
783 5564 817 5620 tie
831 5564 932 5619 teran-
983 5573 1021 5620 tta
1037 5563 1148 5619 Collect.

182 5716 239 5788 itti
257 5716 317 5770 Lib.
340 5732 358 5780 r,
384 5715 463 5784 celat.
477 5711 523 5765 33.
540 5742 570 5753 —
593 5708 659 5780 Cav-
686 5704 869 5796 santamente,
892 5698 940 5757 lle
988 5766 998 5776 .
1018 5634 1075 5706 (sm
1094 5633 1153 5689 Lm·
1165 5648 1195 5697 ”³
1214 5640 1294 5702 epm·
1309 5632 1353 5688 ξδ’

269 5810 405 5872 Parnon.
427 5805 565 5874 ccxvi.
