4109 6325
198 308 270 368 ltus
634 302 836 382 bectsttttttt
856 303 900 360 bc
918 301 1069 362 Nedottb
1087 301 1219 360 nonunt
1238 303 1377 360 tttt‘emt.
1745 308 1824 364 etos

521 415 660 474 cmxl.
999 423 1023 481 tt
1037 420 1102 474 tioui
1113 428 1210 474 restrae
1223 433 1271 490 per
1283 415 1431 488 apostolica
1440 419 1541 488 scripta
1552 416 1734 489 praecipiendo
1745 437 1822 480 mao-

193 520 456 563 aacnterrscorrsrr
470 519 980 563 ertscorrsutrsoronracorvsrtrurts.
1034 505 1130 564 damus
1154 519 1299 580 quatenus,
1326 509 1454 578 inquisita
1476 517 1504 564 et
1526 508 1634 578 cognita
1655 509 1779 578 veritate,
1800 516 1822 570 si

230 595 287 666 (78)
303 595 370 650 Cum
389 593 454 650 olum
469 609 503 649 er
516 591 598 650 odicii
617 594 702 649 nostri
726 592 818 649 debito
829 596 862 650 de
875 608 940 664 pace
955 595 983 650 in
1035 615 1134 669 urgens
1145 601 1294 686 necessitas
1307 609 1333 656 et
1349 602 1458 658 evidens
1470 601 1573 657 utilitas
1587 616 1636 673 pro
1647 615 1713 671 pace
1727 603 1756 659 in
1770 605 1821 659 im-

193 686 308 757 imperio
323 685 495 740 reformanda
506 684 660 741 sollicitudo
676 699 727 740 uos
743 685 983 755 indelessapulsa·
1033 690 1110 760 perio
1128 689 1299 748 reformanda
1313 690 1465 760 hujusmodi
1480 693 1683 748 matrimonium
1697 697 1824 752 contrairi

193 787 246 844 ret,
262 778 294 833 de
310 776 388 846 cujus
400 778 516 834 scissura
532 777 583 848 ipsi
604 790 657 831 non
669 783 775 831 tautum
797 779 922 847 imperio,
937 791 984 832 re·
1034 781 1208 850 postularint,
1222 796 1270 838 vos
1282 783 1446 839 auctoritate
1459 793 1551 839 nostra
1567 783 1668 840 suffulti
1682 799 1765 857 saper
1777 787 1823 843 illo

192 885 254 926 rum
272 869 354 924 etiam
368 870 428 925 orbi
444 885 513 941 pene
524 870 571 924 toti
592 883 674 939 grave
686 867 836 938 periculum
849 867 983 934 ,immine-
1033 870 1218 926 contrahendo
1239 871 1399 942 dispensare
1417 874 1528 930 curctis.
1544 871 1600 930 Nos
1616 883 1706 929 autem
1724 877 1795 945 quod
1809 893 1823 931 υ

192 961 249 1027 bat,
277 960 420 1016 consilium
436 961 516 1016 nobis
533 959 627 1014 incidit
642 965 672 1013 ut
687 973 737 1028 per
750 957 854 1028 legatos
875 966 983 1013 metros
1034 959 1110 1016 vobis
1126 976 1208 1032 super
1221 961 1273 1017 ltoc
1286 962 1505 1032 provideiactutn
1517 963 1599 1019 luerit
1609 973 1697 1019 ratum
1712 965 1823 1022 babebi-

192 1052 226 1106 de
245 1050 420 1106 matrimonio
443 1048 628 1105 contrahendo
654 1048 727 1104 iuter
748 1046 939 1102 clarissimum
954 1045 989 1101 iu'
1034 1065 1105 1115 mus,
1126 1061 1154 1106 et
1172 1052 1342 1107 decernimus
1363 1053 1427 1110 illud
1453 1055 1646 1111 inviolabiliter
1673 1055 1821 1112 observatr-

191 1142 302 1197 (iltristo
320 1140 405 1194 dlium
419 1151 540 1195 nostrum
556 1139 686 1194 illustrem
702 1151 792 1208 regem
818 1136 943 1192 ottonem
954 1137 982 1190 in
1037 1140 1115 1194 ditm.

192 1231 375 1285 Romanorum
395 1229 586 1298 imperatorem
599 1227 715 1283 electum
727 1232 754 1280 ct
766 1225 873 1296 inclytae
891 1239 983 1280 recor·
1068 1226 1177 1295 Datum,
1193 1239 1221 1285 ut
1237 1245 1328 1301 supro.

191 1319 310 1375 dationis
325 1319 440 1389 Philippi
453 1318 529 1372 ducis
538 1316 646 1372 Sueviae
661 1316 868 1386 primogenitam
881 1323 982 1370 tracta·
1346 1321 1506 1380 clxxxiii,

194 1423 280 1468 retur.
292 1411 467 1466 Postmodum
489 1419 580 1465 autem
595 1409 690 1464 eodem
706 1406 874 1462 duceairlio
897 1406 982 1462 Belial
1367 1426 1476 1468 etsustt.
1652 1465 1656 1472 ,
1777 1453 1781 1458 .

191 1505 317 1573 nequiter
336 1501 488 1564 interiecto,
508 1514 569 1553 cnm
596 1498 685 1553 adbuc
702 1498 736 1552 de
753 1499 879 1552 scissura
906 1497 981 1566 peri·
1068 1501 1124 1572 (td)
1136 1499 1246 1557 Plenam
1263 1511 1389 1572 gerentes
1403 1503 1436 1559 de
1464 1514 1553 1559 vestra
1569 1505 1736 1563 discretione
1749 1509 1818 1564 dilav-

190 1592 253 1647 calo
269 1607 321 1646 aron
337 1593 427 1647 urinas
439 1606 520 1662 quam
537 1600 616 1644 antea
631 1590 783 1656 timeretur,
800 1591 913 1661 praiato
925 1589 981 1660 regi
1033 1591 1115 1658 ciam,
1132 1594 1269 1662 negotium
1284 1592 1529 1664 Papembergcnsis
1554 1597 1673 1666 episcopi
1699 1598 1751 1654 sub
1767 1600 1820 1656 bae

190 1689 298 1737 nostras
310 1681 414 1740 litteras
425 1681 620 1736 destinavimus
631 1682 703 1734 utad
717 1681 980 1735 consummationem
1033 1681 1120 1737 lorma
1148 1683 1274 1738 duximus
1303 1684 1527 1740 committendum
1556 1695 1585 1740 ut
1597 1687 1619 1742 si
1645 1703 1725 1759 super
1753 1705 1819 1748 nece

191 1774 345 1843 lrvrjusmodi
363 1773 527 1828 matrimonii
551 1788 646 1828 secure
659 1772 817 1843 procederet
831 1772 853 1825 si
871 1773 921 1826 sibi
934 1786 981 1827 co·
996 1747 1018 1800 B
1031 1771 1112 1827 clarae
1123 1775 1259 1828 memoriae
1275 1773 1393 1844 Plrilippi
1407 1774 1485 1830 ducis
1510 1776 1627 1841 Saevire,
1655 1775 1816 1838 aecrtsator'e

190 1875 336 1936 gnosceret
359 1865 498 1935 expedite.
515 1863 624 1918 iuterim
650 1871 750 1929 autem,
766 1877 826 1916 cnm
845 1863 911 1931 jam,
928 1862 981 1918 llo-
1032 1871 1125 1918 cotnra
1141 1879 1202 1918 enm
1216 1865 1338 1934 legitimo
1361 1876 1550 1935 comparente,
1563 1867 1708 1936 culpabilis
1722 1885 1815 1926 coram

189 1954 265 2008 mino
279 1953 437 2022 imperante,
451 1951 540 2007 ventis
552 1961 580 2006 et
599 1951 668 2006 mari
692 1951 871 2020 tranquillitas
889 1952 980 2007 redire
1031 1955 1108 2010 vobis
1133 1954 1215 2009 luerit
1237 1955 1439 2025 comprobatus,
1475 1972 1523 2014 vos
1541 1969 1604 2014 eum
1633 1959 1741 2017 sublato
1770 1977 1818 2018 ctr-

190 2041 331 2110 cmpisset,
353 2050 381 2096 et
404 2038 580 2095 redeuntibus
597 2041 631 2093 ad
653 2052 701 2093 cor
725 2039 816 2093 multis
837 2053 870 2094 ac
890 2040 978 2094 cidem
1027 2043 1142 2115 juslibet
1160 2047 1390 2101 contradictionis
1414 2055 1442 2101 et
1461 2047 1652 2118 appellationis
1677 2050 1818 2106 obstaculo

190 2131 247 2200 regi
272 2130 387 2185 fideliter
412 2130 626 2194 adhaerentibus,
648 2129 681 2182 dc
697 2143 765 2199 pace
787 2143 850 2199 spes
873 2130 979 2186 firmior
1030 2138 1065 2190 ab
1077 2139 1150 2191 omui
1167 2137 1255 2192 officio
1274 2146 1303 2192 et
1322 2137 1812 2212 beneficioeccleslasticodeponatis.

188 2225 345 2290 haberetur,
364 2221 978 2294 idcmrcxpersnasanobislitteraspostu·
1010 2217 1155 2296 'Alioquin
1175 2226 1300 2282 iudicatis
1319 2227 1344 2282 ci
1361 2229 1547 2298 purgationem
1578 2233 1756 2300 canonicam;
1786 2235 1814 2290 iu

188 2315 256 2370 lavit
272 2324 303 2369 nt
319 2329 380 2370 cum
408 2313 480 2368 inter
507 2314 594 2384 ipsum
614 2322 642 2368 et
661 2321 837 2368 memoratam
863 2314 978 2384 puellam
1036 2330 1091 2385 qua
1105 2317 1126 2372 si
1142 2315 1212 2372 iorte
1226 2316 1355 2373 deiecerit
1371 2320 1464 2374 eadem
1486 2323 1573 2389 ipsum
1602 2337 1718 2378 censura
1737 2325 1816 2380 dam·

188 2405 261 2461 linea
275 2403 518 2475 consanguinitatis
529 2403 667 2467 existeret,
677 2405 979 2474 supereorumdispen·
1032 2407 1113 2462 netis.
1129 2406 1239 2473 Quodsi
1268 2407 1388 2480 legitime
1403 2425 1433 2464 se
1448 2413 1618 2482 purgaverit,
1644 2414 1813 2472 denuntietis

190 2513 253 2552 sare
268 2497 394 2567 corrjugio
408 2498 593 2568 dignaremur.
606 2494 654 2549 Cui
674 2507 724 2548 uos
738 2493 911 2550 meminimus
936 2509 980 2551 re·
1030 2512 1093 2552 eum
1106 2513 1188 2568 super
1215 2497 1325 2566 oltjecto
1357 2500 1475 2557 crimine
1499 2503 1606 2571 penitus
1633 2505 1814 2562 innocentem.

190 2587 330 2657 spondisse
345 2588 416 2658 quod
431 2585 497 2641 licet
517 2585 665 2640 necessitas
682 2583 854 2653 dispensandi
878 2583 933 2652 iam
944 2599 979 2639 ex
1032 2588 1105 2642 Ante
1120 2591 1211 2644 omnia
1226 2589 1412 2658 providentes,
1427 2601 1457 2646 ut
1473 2592 1496 2646 si
1511 2593 1575 2662 quid
1589 2604 1682 2650 contra
1698 2610 1760 2652 eunt
1772 2597 1814 2654 rel

190 2693 287 2748 magna
303 2687 379 2748 parte
393 2684 536 2743 cessasset,
551 2689 633 2744 super
652 2674 704 2728 boc
727 2684 817 2728 tamen
832 2674 918 2729 niceta
931 2688 980 2728 uo·
1029 2675 1088 2745 ejus
1101 2677 1247 2733 Ecclesiam
1268 2688 1311 2733 est
1323 2693 1465 2749 perperam
1477 2689 1648 2751 attentatum,
1664 2685 1691 2740 iu
1710 2695 1812 2744 statum

191 2778 278 2825 stram
295 2771 395 2826 nostris
409 2783 519 2824 erarrrus
530 2766 701 2821 commissuri
724 2764 821 2834 legatis
838 2780 907 2835 utros
929 2779 978 2834 pro
1030 2767 1149 2823 debitum
1165 2778 1318 2824 revocetur.

190 2862 282 2917 causis
305 2861 434 2916 Ecclesiae
454 2874 487 2914 ac
505 2858 612 2927 imperii
644 2855 853 2925 disponebamus
872 2857 906 2910 ad
920 2856 979 2923 ejus
1066 2859 1173 2928 ilatum,
1189 2869 1217 2914 ut
1227 2876 1306 2929 srapru
1320 2860 1347 2913 ιἰι
1360 2859 1453 2919 ultera.

189 2951 361 3022 praesentiam
378 2951 404 3005 in
417 2949 540 3019 proximo
555 2946 701 3002 destinare.
716 2945 784 3012 Quia
795 2944 879 3014 igitur
890 2945 979 3001 dictus
1338 2948 1504 3007 cttttttttV.

190 3053 333 3111 rexsuper
350 3038 550 3110 dispensatione
572 3037 736 3093 matrimonii
752 3035 894 3106 prelibati,
905 3035 1016 3127 qtrodc
1193 3055 1411 3096 ιιιυυευιιιιυιιιιυι
1427 3057 1640 3103 nacnraerscoro.

189 3131 356 3200 diciturjam
369 3133 486 3203 jurasse,
500 3131 578 3187 uobis
592 3131 690 3185 iterum
701 3143 763 3184 cum
773 3127 857 3183 muita
873 3127 979 3181 iustan·
1066 3126 1184 3183 llirmam
1202 3129 1321 3201 gerimus
1340 3131 1373 3185 de
1388 3138 1432 3186 tna
1462 3133 1620 3191 sinceritate
1641 3135 1767 3195 ildueiam
1783 3152 1814 3198 ut

190 3228 228 3280 tia
243 3225 413 3296 supplicavit,
426 3224 516 3279 forsan
531 3212 899 3295 prudeutcriotclligeu'sper
910 3232 980 3287 prte-
1031 3226 1153 3274 nostrum
1169 3221 1305 3275 desideres
1318 3221 1515 3291 beneplacitum
1528 3226 1685 3297 adimplere,
1701 3246 1762 3286 curn
1784 3242 1814 3288 et

189 3316 301 3370 ruissum
319 3313 472 3378 consilium,
489 3313 517 3367 in
536 3327 589 3382 quo
604 3312 676 3367 mrlla
689 3310 723 3365 de
735 3304 979 3380 consanguinitatis
1030 3324 1080 3364 nos
1095 3310 1128 3364 ad
1143 3318 1216 3364 tunm
1230 3311 1379 3380 proiectum
1393 3312 1538 3369 efficaciter
1549 3316 1731 3379 intendamus.
1741 3322 1814 3389 ero·

189 3405 261 3461 linea
280 3406 382 3459 mentio
399 3403 562 3469 labebatur,
576 3416 630 3457 non
642 3416 702 3457 csse
723 3415 805 3470 super
816 3396 979 3468 consangui·
1030 3400 1103 3455 circa
1133 3400 1329 3458 fraternitatem
1360 3410 1432 3457 tuam
1458 3406 1604 3476 rogandam
1628 3408 1755 3467 dusinus
1782 3424 1811 3469 et

189 3495 285 3550 nitatis
303 3494 372 3549 linea
388 3494 574 3563 dispensatum
594 3494 642 3548 sed
655 3492 768 3547 lrocsibi
784 3492 937 3546 consultum
949 3494 979 3542 ut
1028 3492 1205 3561 monendam,
1219 3508 1268 3563 per
1280 3496 1427 3564 apostolica
1450 3498 1498 3552 tibi
1515 3500 1616 3568 scripta
1646 3502 1809 3561 mandantes

191 3588 224 3641 ad
236 3586 399 3642 matrimonii
415 3587 675 3641 consummationem
687 3583 847 3655 procederet
858 3580 978 3651 legitime
1031 3594 1167 3653 quatenus
1181 3584 1214 3637 ad
1228 3599 1258 3638 ea
1276 3582 1390 3640 feliciter
1403 3590 1587 3655 promovenda
1609 3605 1670 3659 quum
1695 3606 1810 3650 senera-

190 3673 310 3742 nuidem,
334 3674 535 3744 dispensatione
555 3671 684 3727 videlicet
707 3670 882 3740 praeobtenta,
897 3677 926 3723 ut
937 3667 977 3724 sic
1029 3670 1093 3727 bilis
1107 3672 1194 3727 irater
1207 3680 1299 3727 noster
1313 3672 1461 3745 llttgulinus
1471 3675 1606 3733 Ostiensis
1621 3680 1764 3751 episcopus
1780 3692 1808 3740 et

190 3774 220 3818 et
234 3774 364 3831 quaenunt
381 3763 414 3819 ad
431 3765 626 3819 conscientiam
648 3770 676 3818 et
695 3770 824 3831 nutantum
848 3758 976 3815 etiamad
1028 3762 1144 3817 dilectus
1159 3761 1230 3817 lilius
1246 3762 1312 3830 Leo,
1334 3765 1403 3819 tituli
1424 3764 1531 3823 Sanctae
1551 3767 1647 3825 Crucis
1669 3773 1811 3845 presbyter

191 3855 338 3910 Ecclesiam
348 3854 550 3909 matrimonium
562 3854 650 3922 ipsum
661 3852 809 3921 legitimum
819 3849 974 3914 baberetur,
1026 3850 1185 3915 cardinalis,
1209 3851 1365 3921 apostolieae
1393 3854 1466 3909 sedis
1491 3854 1582 3925 legati,
1600 3858 1647 3911 tibi
1668 3874 1702 3915 cr
1727 3870 1807 3931 parte

192 3946 338 4001 venerabili
353 3946 432 4000 iratri
457 3954 550 3999 nostro
569 3942 700 4013 llngolino
717 3940 833 3996 Ostiensi
851 3940 976 4009 episeopo
1026 3952 1120 3997 nostra
1136 3942 1320 4013 suggesserint
1334 3942 1450 4015 diligens
1462 3946 1578 4001 studium
1591 3957 1618 4003 et
1632 3964 1743 4019 operam
1754 3952 1813 4007 elli-

191 4046 220 4091 et
231 4036 328 4091 dilecto
345 4036 399 4091 lulio
410 4035 493 4091 Leoni
508 4034 577 4090 tituli
592 4034 701 4088 Sanctae
709 4032 804 4087 Crucis
818 4029 975 4100 presbytero
1025 4048 1118 4089 uacent
1136 4034 1275 4103 impendas
1288 4051 1295 4101 ;
1311 4036 1348 4089 itu
1363 4036 1434 4105 quod
1455 4038 1482 4091 in
1505 4038 1538 4093 tls
1553 4048 1625 4095 ruam
1637 4042 1807 4099 devotionem

192 4127 333 4192 cardinali,
354 4126 506 4195 apostolicae
519 4125 592 4181 sedis
609 4125 714 4195 legatis,
726 4122 849 4177 dedimus
863 4121 890 4175 in
908 4133 976 4188 prae·
1025 4126 1139 4195 experti,
1161 4135 1237 4197 grata
1258 4125 1306 4181 tibi
1326 4126 1471 4183 debeamus
1491 4129 1674 4188 vicissitudine
1699 4146 1811 4205 respon·

192 4219 278 4287 ceptis
292 4228 321 4272 ut
331 4218 457 4288 inquisita
471 4226 499 4273 ct
506 4217 614 4289 cognita
640 4216 766 4281 veritate,
779 4213 802 4269 si
816 4228 917 4283 urgens
927 4227 975 4267 ne·
1026 4218 1100 4273 dere.

192 4307 307 4362 cessitas
327 4317 353 4361 et
365 4310 476 4363 evidens
488 4309 590 4362 utilitas
609 4322 658 4375 pro
671 4320 738 4375 pace
759 4307 786 4360 in
807 4305 921 4373 imperio
932 4316 975 4358 re·
1061 4310 1156 4366 ilatum
1167 4294 1304 4379 Laterani,
1318 4329 1373 4369 xvrr
1384 4312 1456 4385 llal.
1470 4315 1620 4383 Februarii‚
1636 4319 1809 4388 pontificatus

194 4396 333 4452 inroranda
344 4394 500 4465 instiusmodi
516 4396 717 4451 matrimonium
741 4396 863 4450 contraht
879 4404 973 4465 postu·
989 4402 1011 4456 ι)
1027 4402 1111 4457 nostri
1126 4417 1197 4457 anno
1212 4404 1364 4459 undecimo,

193 4488 286 4549 larint,
302 4488 350 4557 ipsi
368 4488 527 4543 auctoritate
539 4497 631 4542 nostra
645 4485 745 4541 suffulti
759 4500 840 4555 super
854 4485 900 4541 illo
910 4501 976 4542 cou-
1341 4491 1493 4549 cmlxxv.

195 4577 328 4631 trahendo
344 4578 510 4647 dispensent.
530 4576 584 4632 llos
604 4586 694 4632 autem
708 4577 780 4646 quod
791 4574 826 4630 ab
837 4577 878 4631 eis
896 4592 977 4648 super
1057 4594 1269 4647 rorcsrtrmus,
1289 4596 1458 4645 consumans,
1471 4596 1507 4638 er
1519 4596 1630 4639 eorotts
1642 4599 1791 4645 crvtrtrmt

195 4667 248 4719 lroe
271 4668 382 4735 provide
406 4666 508 4720 lactum
535 4665 618 4720 luerit
643 4675 734 4719 ratum
759 4664 928 4733 babebimus,
948 4674 977 4721 ct
1335 4684 1504 4725 conaturus.

193 4756 364 4812 deceruimus
377 4755 442 4811 illud
461 4755 655 4811 iuviolabiliter
667 4756 876 4811 observandum.
1001 4760 1003 4764 ’
1061 4759 1292 4827 Quemadmodum
1307 4759 1389 4813 vultis
1406 4768 1437 4813 nt
1448 4759 1625 4815 clarissimus
1648 4761 1674 4815 iu
1697 4762 1807 4820 Christo

230 4850 325 4904 batum
345 4848 558 4915 Laterani,rvtt
571 4845 632 4901 llal.
644 4844 793 4910 Februarii,
805 4846 976 4915 pontilicatus
1027 4848 1101 4905 illius
1114 4858 1206 4903 noster
1220 4848 1335 4903 illustris
1350 4863 1397 4903 rex
1421 4848 1526 4904 Ottoin
1554 4848 1739 4904 Romanorum
1758 4852 1808 4906 im·

192 4940 279 4997 nostri
294 4955 366 4996 auno
378 4941 530 4996 undecimo.
1026 4944 1181 5011 peratorem
1195 4939 1298 4995 electus
1309 4938 1371 5006 iura
1386 4948 1475 4994 vestra
1499 4940 1575 4995 rolris
1597 4939 1702 5010 integra
1727 4950 1755 4997 et
1774 4942 1807 4995 il-

511 5026 661 5083 CLXllllll.
1026 5030 1089 5087 laesa
1110 5040 1261 5095 conservet,
1282 5030 1319 5085 ita
1332 5045 1380 5085 vos
1394 5030 1445 5085 sibi
1460 5030 1563 5085 debetis
1580 5029 1684 5100 imperii
1697 5031 1758 5100 jura
1773 5032 1808 5085 ll-

192 5136 456 5179 uosonuvoosrmrtst
475 5135 642 5176 crtscoeosr
659 5132 736 5174 neom
755 5132 848 5173 rtrum
867 5131 976 5173 sancus
1025 5118 1088 5175 laesa
1117 5130 1144 5176 et
1156 5122 1259 5191 integra
1274 5134 1455 5175 conservare:
1475 5118 1513 5178 au,
1524 5134 1583 5187 quaa
1601 5120 1729 5189 utrinque
1748 5134 1808 5175 ser-

228 5224 646 5269 caoctsraesarrauoctuautmt
662 5223 831 5264 trosrottca
846 5222 977 5263 seorsus·
1027 5212 1115 5266 vanda
1128 5226 1188 5277 uos,
1203 5212 1249 5281 qui
1283 5211 1380 5266 summi
1406 5209 1573 5274 llediatoris,
1603 5209 1666 5264 lieet
1691 5210 1806 5280 indigni,

229 5318 318 5361 sarrs.
1026 5302 1115 5358 locum
1133 5302 1286 5359 obtinemus
1304 5294 1331 5356 iu
1350 5302 1439 5366 terris,
1462 5309 1515 5355 tam
1545 5301 1631 5369 ipsum
1653 5315 1735 5369 quam
1759 5316 1808 5357 voa

230 5390 977 5459 Cumolimexolliciinostridebito,cte.,iaeumdem
1027 5393 1156 5449 debemus
1191 5391 1320 5447 inducere
1343 5390 1432 5447 studio
1463 5388 1597 5461 diligenti.
1630 5389 1697 5447 Cam
1725 5390 1809 5460 igitur

195 5486 302 5540 modurn
314 5495 341 5539 ut
356 5484 535 5555 inclinatoque
549 5483 697 5554 legitimum
708 5483 866 5552 baberetur,
876 5482 977 5538 diserc-
1028 5481 1099 5537 idem
1115 5496 1162 5536 rex
1176 5481 1360 5536 venerabilem
1376 5479 1487 5537 tratrem
1510 5490 1632 5537 nostrum
1658 5479 1806 5536 Walterum

232 5663 287 5731 [iel
300 5661 365 5717 Vide
378 5674 459 5731 supra
475 5659 556 5729 epist.
567 5656 628 5715 178.
1065 5656 1121 5729 (79)
1135 5654 1201 5714 Vide
1212 5670 1292 5727 supra
1303 5656 1382 5726 epist.
1395 5652 1457 5724 tell,
1469 5660 1496 5710 et
1507 5652 1555 5711 lllt.
1568 5668 1600 5724 n,
1614 5655 1695 5729 epist.
1707 5652 1772 5713 110.
