<?xml version="1.0" encoding="UTF-8"?>
<!DOCTYPE html PUBLIC "-//W3C//DTD XHTML 1.0 Transitional//EN"
    "http://www.w3.org/TR/xhtml1/DTD/xhtml1-transitional.dtd">
<html xmlns="http://www.w3.org/1999/xhtml" xml:lang="en" lang="en">
 <head>
  <title>
</title>
<meta http-equiv="Content-Type" content="text/html;charset=utf-8" />
  <meta name='ocr-system' content='tesseract 3.04.00' />
  <meta name='ocr-capabilities' content='ocr_page ocr_carea ocr_par ocr_line ocrx_word'/>
</head>
<body>
  <div class='ocr_page' id='page_1' title='image "./patrologiaecurs00berngoog/patrologiaecurs00berngoog_0011.png"; bbox 0 0 4109 6325; ppageno 0'>
   <div class='ocr_carea' id='block_1_1' title="bbox 148 197 1785 400">
    <p class='ocr_par' dir='ltr' id='par_1_1' title="bbox 148 197 1785 400">
     <span class='ocr_line' id='line_1_1' title="bbox 149 197 1784 279; baseline -0.004 -10"><span class='ocrx_word' id='word_1_1' title='bbox 149 214 183 279; x_wconf 71' lang='lat' dir='ltr'><strong>&#39;tlt</strong></span> <span class='ocrx_word' id='word_1_2' title='bbox 617 207 870 269; x_wconf 77' lang='lat' dir='ltr'><strong>tourtatctttts</strong></span> <span class='ocrx_word' id='word_1_3' title='bbox 890 208 982 267; x_wconf 77' lang='lat' dir='ltr'><strong>dllllo</strong></span> <span class='ocrx_word' id='word_1_4' title='bbox 1003 204 1060 276; x_wconf 80' lang='lat' dir='ltr'><strong>ltu,</strong></span> <span class='ocrx_word' id='word_1_5' title='bbox 1080 203 1217 265; x_wconf 81' lang='lat' dir='ltr'><strong>ctttttstt</strong></span> <span class='ocrx_word' id='word_1_6' title='bbox 1239 206 1317 265; x_wconf 69' lang='lat' dir='ltr'><strong>lbdl.</strong></span> <span class='ocrx_word' id='word_1_7' title='bbox 1741 197 1784 269; x_wconf 68' lang='lat' dir='ltr'><strong>&#39;tt</strong></span> 
     </span>
     <span class='ocr_line' id='line_1_2' title="bbox 148 325 1785 400; baseline -0.009 -4"><span class='ocrx_word' id='word_1_8' title='bbox 148 332 308 397; x_wconf 89' lang='lat' dir='ltr'><strong>discretioni</strong></span> <span class='ocrx_word' id='word_1_9' title='bbox 324 330 459 395; x_wconf 88' lang='lat' dir='ltr'><strong>retulerit,</strong></span> <span class='ocrx_word' id='word_1_10' title='bbox 478 336 506 385; x_wconf 91' lang='lat' dir='ltr'><strong>ct</strong></span> <span class='ocrx_word' id='word_1_11' title='bbox 521 328 634 385; x_wconf 87' lang='lat' dir='ltr'><strong>dilectus</strong></span> <span class='ocrx_word' id='word_1_12' title='bbox 650 329 722 386; x_wconf 81' lang='lat' dir='ltr'><strong>lulius</strong></span> <span class='ocrx_word' id='word_1_13' title='bbox 740 338 833 387; x_wconf 88' lang='lat' dir='ltr'><strong>noster</strong></span> <span class='ocrx_word' id='word_1_14' title='bbox 844 330 942 386; x_wconf 89' lang='lat' dir='ltr'><strong>Petrus</strong></span> <span class='ocrx_word' id='word_1_15' title='bbox 957 334 978 391; x_wconf 75' lang='lat' dir='ltr'><strong>,t</strong></span> <span class='ocrx_word' id='word_1_16' title='bbox 994 327 1079 384; x_wconf 88' lang='lat' dir='ltr'><strong>multa</strong></span> <span class='ocrx_word' id='word_1_17' title='bbox 1094 338 1122 385; x_wconf 90' lang='lat' dir='ltr'><strong>ct</strong></span> <span class='ocrx_word' id='word_1_18' title='bbox 1136 341 1234 400; x_wconf 78' lang='lat' dir='ltr'><strong>magno</strong></span> <span class='ocrx_word' id='word_1_19' title='bbox 1259 330 1328 383; x_wconf 83' lang='lat' dir='ltr'><strong>trono</strong></span> <span class='ocrx_word' id='word_1_20' title='bbox 1344 325 1528 393; x_wconf 90' lang='lat' dir='ltr'><strong>contulimus,</strong></span> <span class='ocrx_word' id='word_1_21' title='bbox 1543 326 1680 386; x_wconf 87' lang='lat' dir='ltr'><strong>iulcrioris</strong></span> <span class='ocrx_word' id='word_1_22' title='bbox 1690 331 1785 387; x_wconf 87' lang='lat' dir='ltr'><strong>condi·</strong></span> 
     </span>
    </p>
   </div>
   <div class='ocr_carea' id='block_1_2' title="bbox 148 419 943 1414">
    <p class='ocr_par' dir='ltr' id='par_1_2' title="bbox 148 419 943 1414">
     <span class='ocr_line' id='line_1_3' title="bbox 148 419 941 492; baseline -0.009 -8"><span class='ocrx_word' id='word_1_23' title='bbox 148 428 217 484; x_wconf 89' lang='lat' dir='ltr'><strong>tituli</strong></span> <span class='ocrx_word' id='word_1_24' title='bbox 233 422 332 481; x_wconf 79' lang='lat' dir='ltr'><strong>Sancti</strong></span> <span class='ocrx_word' id='word_1_25' title='bbox 347 419 467 477; x_wconf 73' lang='lat' dir='ltr'><strong>Marcelli</strong></span> <span class='ocrx_word' id='word_1_26' title='bbox 494 420 636 492; x_wconf 75' lang='lat' dir='ltr'><strong>presbyter</strong></span> <span class='ocrx_word' id='word_1_27' title='bbox 651 420 799 477; x_wconf 86' lang='lat' dir='ltr'><strong>cardinalis</strong></span> <span class='ocrx_word' id='word_1_28' title='bbox 816 435 864 491; x_wconf 90' lang='lat' dir='ltr'><strong>per</strong></span> <span class='ocrx_word' id='word_1_29' title='bbox 878 435 941 477; x_wconf 87' lang='lat' dir='ltr'><strong>suas</strong></span> 
     </span>
     <span class='ocr_line' id='line_1_4' title="bbox 149 510 942 586; baseline -0.015 -10"><span class='ocrx_word' id='word_1_30' title='bbox 149 520 194 575; x_wconf 91' lang='lat' dir='ltr'><strong>tibi</strong></span> <span class='ocrx_word' id='word_1_31' title='bbox 206 518 315 572; x_wconf 88' lang='lat' dir='ltr'><strong>litteras</strong></span> <span class='ocrx_word' id='word_1_32' title='bbox 328 512 435 586; x_wconf 77' lang='lat' dir='ltr'><strong>plenius</strong></span> <span class='ocrx_word' id='word_1_33' title='bbox 449 510 596 577; x_wconf 77' lang='lat' dir='ltr'><strong>intimabit,</strong></span> <span class='ocrx_word' id='word_1_34' title='bbox 612 525 695 582; x_wconf 91' lang='lat' dir='ltr'><strong>super</strong></span> <span class='ocrx_word' id='word_1_35' title='bbox 707 510 741 567; x_wconf 91' lang='lat' dir='ltr'><strong>iis</strong></span> <span class='ocrx_word' id='word_1_36' title='bbox 755 511 882 567; x_wconf 90' lang='lat' dir='ltr'><strong>omnibus</strong></span> <span class='ocrx_word' id='word_1_37' title='bbox 894 525 942 580; x_wconf 90' lang='lat' dir='ltr'><strong>per</strong></span> 
     </span>
     <span class='ocr_line' id='line_1_5' title="bbox 149 600 943 665; baseline -0.01 -2"><span class='ocrx_word' id='word_1_38' title='bbox 149 610 254 665; x_wconf 89' lang='lat' dir='ltr'><strong>litteras</strong></span> <span class='ocrx_word' id='word_1_39' title='bbox 269 614 299 661; x_wconf 94' lang='lat' dir='ltr'><strong>et</strong></span> <span class='ocrx_word' id='word_1_40' title='bbox 316 604 427 659; x_wconf 88' lang='lat' dir='ltr'><strong>nuntius</strong></span> <span class='ocrx_word' id='word_1_41' title='bbox 442 600 522 657; x_wconf 91' lang='lat' dir='ltr'><strong>nubis</strong></span> <span class='ocrx_word' id='word_1_42' title='bbox 537 609 609 657; x_wconf 90' lang='lat' dir='ltr'><strong>tuam</strong></span> <span class='ocrx_word' id='word_1_43' title='bbox 634 603 762 658; x_wconf 90' lang='lat' dir='ltr'><strong>intimare</strong></span> <span class='ocrx_word' id='word_1_44' title='bbox 776 602 884 659; x_wconf 75' lang='lat' dir='ltr'>studeas</span> <span class='ocrx_word' id='word_1_45' title='bbox 897 616 943 657; x_wconf 85' lang='lat' dir='ltr'><strong>ex·</strong></span> 
     </span>
     <span class='ocr_line' id='line_1_6' title="bbox 149 695 943 775; baseline -0.014 -17"><span class='ocrx_word' id='word_1_46' title='bbox 149 701 270 775; x_wconf 80' lang='lat' dir='ltr'><strong>pressius</strong></span> <span class='ocrx_word' id='word_1_47' title='bbox 283 699 465 762; x_wconf 79' lang='lat' dir='ltr'><strong>uoluntatem,</strong></span> <span class='ocrx_word' id='word_1_48' title='bbox 489 704 519 751; x_wconf 90' lang='lat' dir='ltr'><strong>ut</strong></span> <span class='ocrx_word' id='word_1_49' title='bbox 534 695 570 751; x_wconf 90' lang='lat' dir='ltr'><strong>ita</strong></span> <span class='ocrx_word' id='word_1_50' title='bbox 586 696 695 751; x_wconf 88' lang='lat' dir='ltr'><strong>demum</strong></span> <span class='ocrx_word' id='word_1_51' title='bbox 718 695 823 767; x_wconf 90' lang='lat' dir='ltr'><strong>plenius</strong></span> <span class='ocrx_word' id='word_1_52' title='bbox 841 704 867 751; x_wconf 91' lang='lat' dir='ltr'><strong>ct</strong></span> <span class='ocrx_word' id='word_1_53' title='bbox 883 710 943 749; x_wconf 84' lang='lat' dir='ltr'><strong>cer·</strong></span> 
     </span>
     <span class='ocr_line' id='line_1_7' title="bbox 149 784 940 863; baseline -0.013 -15"><span class='ocrx_word' id='word_1_54' title='bbox 149 796 204 848; x_wconf 86' lang='lat' dir='ltr'><strong>tius</strong></span> <span class='ocrx_word' id='word_1_55' title='bbox 217 788 365 863; x_wconf 80' lang='lat' dir='ltr'><strong>procedere</strong></span> <span class='ocrx_word' id='word_1_56' title='bbox 385 786 535 842; x_wconf 77' lang='lat' dir='ltr'><strong>ualeamus.</strong></span> <span class='ocrx_word' id='word_1_57' title='bbox 557 784 627 853; x_wconf 83' lang='lat' dir='ltr'><strong>Quid</strong></span> <span class='ocrx_word' id='word_1_58' title='bbox 645 794 737 840; x_wconf 90' lang='lat' dir='ltr'><strong>autem</strong></span> <span class='ocrx_word' id='word_1_59' title='bbox 757 800 807 855; x_wconf 92' lang='lat' dir='ltr'><strong>pro</strong></span> <span class='ocrx_word' id='word_1_60' title='bbox 828 794 872 839; x_wconf 89' lang='lat' dir='ltr'><strong>ttto</strong></span> <span class='ocrx_word' id='word_1_61' title='bbox 884 784 940 853; x_wconf 87' lang='lat' dir='ltr'><strong>jam</strong></span> 
     </span>
     <span class='ocr_line' id='line_1_8' title="bbox 151 875 942 943; baseline -0.011 -3"><span class='ocrx_word' id='word_1_62' title='bbox 151 884 333 940; x_wconf 88' lang='lat' dir='ltr'><strong>emolurrrento</strong></span> <span class='ocrx_word' id='word_1_63' title='bbox 360 880 530 943; x_wconf 83' lang='lat' dir='ltr'><strong>scribamus,</strong></span> <span class='ocrx_word' id='word_1_64' title='bbox 547 877 643 933; x_wconf 78' lang='lat' dir='ltr'><strong>litterar</strong></span> <span class='ocrx_word' id='word_1_65' title='bbox 670 886 780 942; x_wconf 86' lang='lat' dir='ltr'><strong>nostrae,</strong></span> <span class='ocrx_word' id='word_1_66' title='bbox 802 891 864 931; x_wconf 90' lang='lat' dir='ltr'><strong>curn</strong></span> <span class='ocrx_word' id='word_1_67' title='bbox 887 875 942 931; x_wconf 88' lang='lat' dir='ltr'><strong>siut</strong></span> 
     </span>
     <span class='ocr_line' id='line_1_9' title="bbox 152 968 942 1047; baseline -0.008 -17"><span class='ocrx_word' id='word_1_68' title='bbox 152 985 287 1047; x_wconf 87' lang='lat' dir='ltr'><strong>patentes,</strong></span> <span class='ocrx_word' id='word_1_69' title='bbox 311 982 337 1028; x_wconf 88' lang='lat' dir='ltr'><strong>te</strong></span> <span class='ocrx_word' id='word_1_70' title='bbox 352 979 482 1043; x_wconf 89' lang='lat' dir='ltr'><strong>poterunt</strong></span> <span class='ocrx_word' id='word_1_71' title='bbox 506 969 631 1025; x_wconf 86' lang='lat' dir='ltr'><strong>edocere.</strong></span> <span class='ocrx_word' id='word_1_72' title='bbox 647 968 676 1023; x_wconf 95' lang='lat' dir='ltr'><strong>ln</strong></span> <span class='ocrx_word' id='word_1_73' title='bbox 692 982 747 1038; x_wconf 79' lang='lat' dir='ltr'><strong>prro</strong></span> <span class='ocrx_word' id='word_1_74' title='bbox 769 970 942 1025; x_wconf 86' lang='lat' dir='ltr'><strong>considerare</strong></span> 
     </span>
     <span class='ocr_line' id='line_1_10' title="bbox 153 1062 942 1128; baseline -0.006 -6"><span class='ocrx_word' id='word_1_75' title='bbox 153 1066 312 1122; x_wconf 86' lang='lat' dir='ltr'><strong>terolnmus</strong></span> <span class='ocrx_word' id='word_1_76' title='bbox 329 1065 415 1121; x_wconf 88' lang='lat' dir='ltr'><strong>nostri</strong></span> <span class='ocrx_word' id='word_1_77' title='bbox 431 1064 504 1119; x_wconf 86' lang='lat' dir='ltr'><strong>circa</strong></span> <span class='ocrx_word' id='word_1_78' title='bbox 520 1071 546 1117; x_wconf 90' lang='lat' dir='ltr'><strong>te</strong></span> <span class='ocrx_word' id='word_1_79' title='bbox 558 1064 648 1119; x_wconf 88' lang='lat' dir='ltr'><strong>cordis</strong></span> <span class='ocrx_word' id='word_1_80' title='bbox 666 1062 802 1119; x_wconf 87' lang='lat' dir='ltr'><strong>allectum.</strong></span> <span class='ocrx_word' id='word_1_81' title='bbox 814 1062 855 1119; x_wconf 87' lang='lat' dir='ltr'><strong>ttd</strong></span> <span class='ocrx_word' id='word_1_82' title='bbox 873 1064 942 1128; x_wconf 81' lang='lat' dir='ltr'><strong>lraec,</strong></span> 
     </span>
     <span class='ocr_line' id='line_1_11' title="bbox 152 1154 940 1226; baseline -0.008 -11"><span class='ocrx_word' id='word_1_83' title='bbox 152 1158 321 1215; x_wconf 85' lang='lat' dir='ltr'><strong>devotionern</strong></span> <span class='ocrx_word' id='word_1_84' title='bbox 338 1166 412 1211; x_wconf 87' lang='lat' dir='ltr'><strong>tuam</strong></span> <span class='ocrx_word' id='word_1_85' title='bbox 430 1154 577 1226; x_wconf 85' lang='lat' dir='ltr'><strong>rogandam</strong></span> <span class='ocrx_word' id='word_1_86' title='bbox 591 1155 717 1211; x_wconf 85' lang='lat' dir='ltr'><strong>duximus</strong></span> <span class='ocrx_word' id='word_1_87' title='bbox 727 1164 755 1211; x_wconf 88' lang='lat' dir='ltr'><strong>et</strong></span> <span class='ocrx_word' id='word_1_88' title='bbox 768 1156 940 1218; x_wconf 88' lang='lat' dir='ltr'><strong>monendam,</strong></span> 
     </span>
     <span class='ocr_line' id='line_1_12' title="bbox 153 1245 942 1321; baseline -0.005 -17"><span class='ocrx_word' id='word_1_89' title='bbox 153 1265 199 1321; x_wconf 87' lang='lat' dir='ltr'><strong>per</strong></span> <span class='ocrx_word' id='word_1_90' title='bbox 211 1247 361 1321; x_wconf 90' lang='lat' dir='ltr'><strong>apostolica</strong></span> <span class='ocrx_word' id='word_1_91' title='bbox 376 1246 425 1302; x_wconf 93' lang='lat' dir='ltr'><strong>tibi</strong></span> <span class='ocrx_word' id='word_1_92' title='bbox 439 1245 543 1315; x_wconf 87' lang='lat' dir='ltr'><strong>scripta</strong></span> <span class='ocrx_word' id='word_1_93' title='bbox 570 1246 743 1311; x_wconf 86' lang='lat' dir='ltr'><strong>mandantes,</strong></span> <span class='ocrx_word' id='word_1_94' title='bbox 761 1255 790 1301; x_wconf 92' lang='lat' dir='ltr'><strong>ot</strong></span> <span class='ocrx_word' id='word_1_95' title='bbox 804 1246 830 1301; x_wconf 94' lang='lat' dir='ltr'><strong>in</strong></span> <span class='ocrx_word' id='word_1_96' title='bbox 845 1246 942 1302; x_wconf 79' lang='lat' dir='ltr'><strong>renuis·</strong></span> 
     </span>
     <span class='ocr_line' id='line_1_13' title="bbox 151 1340 942 1414; baseline -0.006 -14"><span class='ocrx_word' id='word_1_97' title='bbox 151 1346 254 1401; x_wconf 90' lang='lat' dir='ltr'><strong>sionem</strong></span> <span class='ocrx_word' id='word_1_98' title='bbox 268 1341 456 1414; x_wconf 74' lang='lat' dir='ltr'><strong>peccaminum</strong></span> <span class='ocrx_word' id='word_1_99' title='bbox 480 1340 663 1413; x_wconf 85' lang='lat' dir='ltr'><strong>injungentes,</strong></span> <span class='ocrx_word' id='word_1_100' title='bbox 678 1348 812 1411; x_wconf 86' lang='lat' dir='ltr'><strong>quatenus</strong></span> <span class='ocrx_word' id='word_1_101' title='bbox 827 1341 861 1395; x_wconf 75' lang='lat' dir='ltr'><strong>aul</strong></span> <span class='ocrx_word' id='word_1_102' title='bbox 877 1341 942 1396; x_wconf 90' lang='lat' dir='ltr'><strong>sub·</strong></span> 
     </span>
    </p>
   </div>
   <div class='ocr_carea' id='block_1_3' title="bbox 992 420 1789 1423">
    <p class='ocr_par' dir='ltr' id='par_1_3' title="bbox 992 420 1789 1423">
     <span class='ocr_line' id='line_1_14' title="bbox 994 420 1785 492; baseline 0.004 -14"><span class='ocrx_word' id='word_1_103' title='bbox 994 424 1077 479; x_wconf 87' lang='lat' dir='ltr'><strong>tionis</strong></span> <span class='ocrx_word' id='word_1_104' title='bbox 1090 437 1216 479; x_wconf 90' lang='lat' dir='ltr'><strong>essenon</strong></span> <span class='ocrx_word' id='word_1_105' title='bbox 1234 424 1317 479; x_wconf 88' lang='lat' dir='ltr'><strong>debes</strong></span> <span class='ocrx_word' id='word_1_106' title='bbox 1330 437 1411 492; x_wconf 81' lang='lat' dir='ltr'><strong>otram</strong></span> <span class='ocrx_word' id='word_1_107' title='bbox 1440 420 1480 477; x_wconf 94' lang='lat' dir='ltr'><strong>illi</strong></span> <span class='ocrx_word' id='word_1_108' title='bbox 1505 420 1726 492; x_wconf 74' lang='lat' dir='ltr'><strong>fueruntquibus</strong></span> <span class='ocrx_word' id='word_1_109' title='bbox 1743 425 1785 481; x_wconf 89' lang='lat' dir='ltr'><strong>di·</strong></span> 
     </span>
     <span class='ocr_line' id='line_1_15' title="bbox 992 514 1785 586; baseline 0.006 -18"><span class='ocrx_word' id='word_1_110' title='bbox 992 514 1080 569; x_wconf 86' lang='lat' dir='ltr'><strong>uersis</strong></span> <span class='ocrx_word' id='word_1_111' title='bbox 1093 516 1260 586; x_wconf 76' lang='lat' dir='ltr'><strong>temporibus</strong></span> <span class='ocrx_word' id='word_1_112' title='bbox 1272 516 1447 571; x_wconf 87' lang='lat' dir='ltr'><strong>demandato</strong></span> <span class='ocrx_word' id='word_1_113' title='bbox 1459 526 1488 571; x_wconf 89' lang='lat' dir='ltr'><strong>et</strong></span> <span class='ocrx_word' id='word_1_114' title='bbox 1503 531 1616 571; x_wconf 88' lang='lat' dir='ltr'><strong>assensu</strong></span> <span class='ocrx_word' id='word_1_115' title='bbox 1633 517 1785 585; x_wconf 78' lang='lat' dir='ltr'><strong>praedeces-</strong></span> 
     </span>
     <span class='ocr_line' id='line_1_16' title="bbox 993 605 1787 665; baseline 0.006 -4"><span class='ocrx_word' id='word_1_116' title='bbox 993 620 1085 661; x_wconf 86' lang='lat' dir='ltr'><strong>sorum</strong></span> <span class='ocrx_word' id='word_1_117' title='bbox 1099 616 1255 662; x_wconf 90' lang='lat' dir='ltr'><strong>nostrorum</strong></span> <span class='ocrx_word' id='word_1_118' title='bbox 1268 607 1365 662; x_wconf 84' lang='lat' dir='ltr'><strong>eadem</strong></span> <span class='ocrx_word' id='word_1_119' title='bbox 1387 605 1581 663; x_wconf 84' lang='lat' dir='ltr'><strong>Lateranensis</strong></span> <span class='ocrx_word' id='word_1_120' title='bbox 1597 608 1719 665; x_wconf 89' lang='lat' dir='ltr'><strong>Ecclesia</strong></span> <span class='ocrx_word' id='word_1_121' title='bbox 1739 625 1787 665; x_wconf 91' lang='lat' dir='ltr'><strong>ca·</strong></span> 
     </span>
     <span class='ocr_line' id='line_1_17' title="bbox 993 699 1786 770; baseline 0.005 -15"><span class='ocrx_word' id='word_1_122' title='bbox 993 708 1079 755; x_wconf 88' lang='lat' dir='ltr'><strong>strum</strong></span> <span class='ocrx_word' id='word_1_123' title='bbox 1097 700 1185 769; x_wconf 89' lang='lat' dir='ltr'><strong>ipsum</strong></span> <span class='ocrx_word' id='word_1_124' title='bbox 1200 700 1251 754; x_wconf 92' lang='lat' dir='ltr'><strong>sub</strong></span> <span class='ocrx_word' id='word_1_125' title='bbox 1270 708 1344 755; x_wconf 88' lang='lat' dir='ltr'><strong>certa</strong></span> <span class='ocrx_word' id='word_1_126' title='bbox 1372 700 1460 755; x_wconf 89' lang='lat' dir='ltr'><strong>lorma</strong></span> <span class='ocrx_word' id='word_1_127' title='bbox 1481 700 1596 769; x_wconf 85' lang='lat' dir='ltr'><strong>locauit,</strong></span> <span class='ocrx_word' id='word_1_128' title='bbox 1613 699 1746 770; x_wconf 86' lang='lat' dir='ltr'><strong>jussimus</strong></span> <span class='ocrx_word' id='word_1_129' title='bbox 1758 714 1786 759; x_wconf 88' lang='lat' dir='ltr'><strong>et</strong></span> 
     </span>
     <span class='ocr_line' id='line_1_18' title="bbox 993 790 1785 860; baseline 0.003 -13"><span class='ocrx_word' id='word_1_130' title='bbox 993 792 1139 847; x_wconf 80' lang='lat' dir='ltr'><strong>statuimus</strong></span> <span class='ocrx_word' id='word_1_131' title='bbox 1150 799 1180 847; x_wconf 92' lang='lat' dir='ltr'><strong>ut</strong></span> <span class='ocrx_word' id='word_1_132' title='bbox 1194 804 1256 846; x_wconf 88' lang='lat' dir='ltr'><strong>cum</strong></span> <span class='ocrx_word' id='word_1_133' title='bbox 1270 790 1346 845; x_wconf 90' lang='lat' dir='ltr'><strong>linita</strong></span> <span class='ocrx_word' id='word_1_134' title='bbox 1360 792 1442 847; x_wconf 84' lang='lat' dir='ltr'><strong>luerit</strong></span> <span class='ocrx_word' id='word_1_135' title='bbox 1455 792 1500 847; x_wconf 88' lang='lat' dir='ltr'><strong>illa</strong></span> <span class='ocrx_word' id='word_1_136' title='bbox 1512 793 1619 860; x_wconf 91' lang='lat' dir='ltr'><strong>locatio,</strong></span> <span class='ocrx_word' id='word_1_137' title='bbox 1636 796 1785 851; x_wconf 90' lang='lat' dir='ltr'><strong>secundum</strong></span> 
     </span>
     <span class='ocr_line' id='line_1_19' title="bbox 993 881 1786 943; baseline 0.011 -8"><span class='ocrx_word' id='word_1_138' title='bbox 993 882 1116 937; x_wconf 89' lang='lat' dir='ltr'><strong>eautderu</strong></span> <span class='ocrx_word' id='word_1_139' title='bbox 1128 881 1244 937; x_wconf 86' lang='lat' dir='ltr'><strong>lormaru</strong></span> <span class='ocrx_word' id='word_1_140' title='bbox 1260 882 1308 937; x_wconf 92' lang='lat' dir='ltr'><strong>tibi</strong></span> <span class='ocrx_word' id='word_1_141' title='bbox 1322 892 1350 936; x_wconf 92' lang='lat' dir='ltr'><strong>et</strong></span> <span class='ocrx_word' id='word_1_142' title='bbox 1362 883 1515 939; x_wconf 70' lang='lat' dir='ltr'><strong>haeredibus</strong></span> <span class='ocrx_word' id='word_1_143' title='bbox 1531 886 1584 941; x_wconf 92' lang='lat' dir='ltr'><strong>tuis</strong></span> <span class='ocrx_word' id='word_1_144' title='bbox 1595 885 1786 943; x_wconf 86' lang='lat' dir='ltr'><strong>Laterancnsis</strong></span> 
     </span>
     <span class='ocr_line' id='line_1_20' title="bbox 993 972 1784 1043; baseline 0.013 -16"><span class='ocrx_word' id='word_1_145' title='bbox 993 972 1115 1029; x_wconf 88' lang='lat' dir='ltr'><strong>Ecclesla</strong></span> <span class='ocrx_word' id='word_1_146' title='bbox 1127 973 1227 1029; x_wconf 88' lang='lat' dir='ltr'><strong>relocet</strong></span> <span class='ocrx_word' id='word_1_147' title='bbox 1239 983 1359 1029; x_wconf 90' lang='lat' dir='ltr'><strong>castrum</strong></span> <span class='ocrx_word' id='word_1_148' title='bbox 1377 973 1475 1043; x_wconf 89' lang='lat' dir='ltr'><strong>ipsum,</strong></span> <span class='ocrx_word' id='word_1_149' title='bbox 1488 974 1540 1029; x_wconf 92' lang='lat' dir='ltr'><strong>nisi</strong></span> <span class='ocrx_word' id='word_1_150' title='bbox 1554 975 1646 1033; x_wconf 87' lang='lat' dir='ltr'><strong>lorsan</strong></span> <span class='ocrx_word' id='word_1_151' title='bbox 1660 978 1687 1035; x_wconf 87' lang='lat' dir='ltr'><strong>in</strong></span> <span class='ocrx_word' id='word_1_152' title='bbox 1704 978 1784 1037; x_wconf 88' lang='lat' dir='ltr'><strong>aliam</strong></span> 
     </span>
     <span class='ocr_line' id='line_1_21' title="bbox 994 1066 1784 1145; baseline 0.014 -25"><span class='ocrx_word' id='word_1_153' title='bbox 994 1066 1109 1121; x_wconf 84' lang='lat' dir='ltr'><strong>sormam</strong></span> <span class='ocrx_word' id='word_1_154' title='bbox 1130 1082 1212 1138; x_wconf 88' lang='lat' dir='ltr'><strong>super</strong></span> <span class='ocrx_word' id='word_1_155' title='bbox 1232 1069 1291 1140; x_wconf 89' lang='lat' dir='ltr'><strong>ipsa</strong></span> <span class='ocrx_word' id='word_1_156' title='bbox 1314 1067 1449 1125; x_wconf 89' lang='lat' dir='ltr'><strong>locatione</strong></span> <span class='ocrx_word' id='word_1_157' title='bbox 1472 1072 1642 1129; x_wconf 83' lang='lat' dir='ltr'><strong>concordare</strong></span> <span class='ocrx_word' id='word_1_158' title='bbox 1659 1076 1784 1145; x_wconf 88' lang='lat' dir='ltr'><strong>possitis.</strong></span> 
     </span>
     <span class='ocr_line' id='line_1_22' title="bbox 993 1158 1784 1239; baseline 0.014 -24"><span class='ocrx_word' id='word_1_159' title='bbox 993 1159 1033 1215; x_wconf 81' lang='lat' dir='ltr'><strong>Ne</strong></span> <span class='ocrx_word' id='word_1_160' title='bbox 1045 1158 1126 1231; x_wconf 89' lang='lat' dir='ltr'><strong>igitur</strong></span> <span class='ocrx_word' id='word_1_161' title='bbox 1142 1160 1168 1214; x_wconf 94' lang='lat' dir='ltr'><strong>in</strong></span> <span class='ocrx_word' id='word_1_162' title='bbox 1189 1170 1265 1215; x_wconf 89' lang='lat' dir='ltr'><strong>tuoru</strong></span> <span class='ocrx_word' id='word_1_163' title='bbox 1294 1170 1322 1216; x_wconf 90' lang='lat' dir='ltr'><strong>et</strong></span> <span class='ocrx_word' id='word_1_164' title='bbox 1340 1161 1478 1218; x_wconf 79' lang='lat' dir='ltr'><strong>haredum</strong></span> <span class='ocrx_word' id='word_1_165' title='bbox 1495 1172 1602 1220; x_wconf 84' lang='lat' dir='ltr'><strong>tuorum</strong></span> <span class='ocrx_word' id='word_1_166' title='bbox 1615 1167 1784 1239; x_wconf 83' lang='lat' dir='ltr'><strong>dispendium</strong></span> 
     </span>
     <span class='ocr_line' id='line_1_23' title="bbox 994 1251 1789 1322; baseline 0.019 -19"><span class='ocrx_word' id='word_1_167' title='bbox 994 1251 1084 1306; x_wconf 88' lang='lat' dir='ltr'><strong>vulcat</strong></span> <span class='ocrx_word' id='word_1_168' title='bbox 1094 1252 1246 1307; x_wconf 91' lang='lat' dir='ltr'><strong>redundare</strong></span> <span class='ocrx_word' id='word_1_169' title='bbox 1261 1253 1335 1322; x_wconf 83' lang='lat' dir='ltr'><strong>qrttrd</strong></span> <span class='ocrx_word' id='word_1_170' title='bbox 1361 1268 1416 1309; x_wconf 95' lang='lat' dir='ltr'><strong>non</strong></span> <span class='ocrx_word' id='word_1_171' title='bbox 1429 1254 1517 1311; x_wconf 89' lang='lat' dir='ltr'><strong>solum</strong></span> <span class='ocrx_word' id='word_1_172' title='bbox 1531 1255 1565 1311; x_wconf 89' lang='lat' dir='ltr'><strong>ad</strong></span> <span class='ocrx_word' id='word_1_173' title='bbox 1581 1266 1701 1315; x_wconf 88' lang='lat' dir='ltr'><strong>restrum</strong></span> <span class='ocrx_word' id='word_1_174' title='bbox 1712 1278 1789 1318; x_wconf 88' lang='lat' dir='ltr'><strong>corn·</strong></span> 
     </span>
     <span class='ocr_line' id='line_1_24' title="bbox 994 1340 1787 1423; baseline 0.021 -30"><span class='ocrx_word' id='word_1_175' title='bbox 994 1340 1114 1406; x_wconf 89' lang='lat' dir='ltr'><strong>modum,</strong></span> <span class='ocrx_word' id='word_1_176' title='bbox 1129 1355 1223 1397; x_wconf 88' lang='lat' dir='ltr'><strong>rerunt</strong></span> <span class='ocrx_word' id='word_1_177' title='bbox 1251 1342 1335 1397; x_wconf 86' lang='lat' dir='ltr'><strong>etiam</strong></span> <span class='ocrx_word' id='word_1_178' title='bbox 1354 1351 1408 1399; x_wconf 85' lang='lat' dir='ltr'><strong>tarn</strong></span> <span class='ocrx_word' id='word_1_179' title='bbox 1432 1345 1591 1415; x_wconf 84' lang='lat' dir='ltr'><strong>apostoticae</strong></span> <span class='ocrx_word' id='word_1_180' title='bbox 1609 1351 1682 1406; x_wconf 79' lang='lat' dir='ltr'><strong>sed‘s</strong></span> <span class='ocrx_word' id='word_1_181' title='bbox 1704 1368 1787 1423; x_wconf 75' lang='lat' dir='ltr'><strong>«parurn</strong></span> 
     </span>
    </p>
   </div>
   <div class='ocr_carea' id='block_1_4' title="bbox 144 1430 1880 5734">
    <p class='ocr_par' dir='ltr' id='par_1_4' title="bbox 144 1430 1880 5734">
     <span class='ocr_line' id='line_1_25' title="bbox 152 1430 1880 1517; baseline 0.007 -25"><span class='ocrx_word' id='word_1_182' title='bbox 152 1438 306 1494; x_wconf 80' lang='lat' dir='ltr'><strong>acutionem</strong></span> <span class='ocrx_word' id='word_1_183' title='bbox 329 1445 357 1491; x_wconf 87' lang='lat' dir='ltr'><strong>et</strong></span> <span class='ocrx_word' id='word_1_184' title='bbox 380 1434 565 1490; x_wconf 75' lang='lat' dir='ltr'><strong>defensionem</strong></span> <span class='ocrx_word' id='word_1_185' title='bbox 592 1444 672 1487; x_wconf 85' lang='lat' dir='ltr'><strong>terrae</strong></span> <span class='ocrx_word' id='word_1_186' title='bbox 697 1442 800 1488; x_wconf 77' lang='lat' dir='ltr'><strong>sanctae</strong></span> <span class='ocrx_word' id='word_1_187' title='bbox 829 1433 944 1503; x_wconf 80' lang='lat' dir='ltr'><strong>diligens</strong></span> <span class='ocrx_word' id='word_1_188' title='bbox 994 1430 1186 1489; x_wconf 76' lang='lat' dir='ltr'><strong>lateranensis</strong></span> <span class='ocrx_word' id='word_1_189' title='bbox 1209 1434 1338 1490; x_wconf 75' lang='lat' dir='ltr'><strong>Ecclesiae</strong></span> <span class='ocrx_word' id='word_1_190' title='bbox 1362 1450 1396 1490; x_wconf 87' lang='lat' dir='ltr'><strong>nc</strong></span> <span class='ocrx_word' id='word_1_191' title='bbox 1418 1439 1504 1493; x_wconf 91' lang='lat' dir='ltr'><strong>totius</strong></span> <span class='ocrx_word' id='word_1_192' title='bbox 1528 1439 1635 1495; x_wconf 78' lang='lat' dir='ltr'><strong>uiciniae</strong></span> <span class='ocrx_word' id='word_1_193' title='bbox 1666 1445 1789 1501; x_wconf 88' lang='lat' dir='ltr'><strong>noscitur</strong></span> <span class='ocrx_word' id='word_1_194' title='bbox 1877 1514 1880 1517; x_wconf 34' lang='grc'>,</span> 
     </span>
     <span class='ocr_line' id='line_1_26' title="bbox 152 1524 1786 1602; baseline 0.008 -19"><span class='ocrx_word' id='word_1_195' title='bbox 152 1529 271 1585; x_wconf 88' lang='lat' dir='ltr'><strong>studium</strong></span> <span class='ocrx_word' id='word_1_196' title='bbox 293 1536 321 1583; x_wconf 87' lang='lat' dir='ltr'><strong>et</strong></span> <span class='ocrx_word' id='word_1_197' title='bbox 334 1542 444 1592; x_wconf 82' lang='lat' dir='ltr'><strong>operam</strong></span> <span class='ocrx_word' id='word_1_198' title='bbox 466 1524 604 1581; x_wconf 86' lang='lat' dir='ltr'><strong>clbcaeem</strong></span> <span class='ocrx_word' id='word_1_199' title='bbox 628 1525 779 1595; x_wconf 85' lang='lat' dir='ltr'><strong>impendas,</strong></span> <span class='ocrx_word' id='word_1_200' title='bbox 799 1533 829 1578; x_wconf 95' lang='lat' dir='ltr'><strong>ut</strong></span> <span class='ocrx_word' id='word_1_201' title='bbox 845 1524 890 1579; x_wconf 89' lang='lat' dir='ltr'><strong>illc</strong></span> <span class='ocrx_word' id='word_1_202' title='bbox 903 1526 943 1579; x_wconf 88' lang='lat' dir='ltr'><strong>di·</strong></span> <span class='ocrx_word' id='word_1_203' title='bbox 994 1534 1178 1593; x_wconf 88' lang='lat' dir='ltr'><strong>procurntum,</strong></span> <span class='ocrx_word' id='word_1_204' title='bbox 1195 1541 1245 1583; x_wconf 89' lang='lat' dir='ltr'><strong>nos</strong></span> <span class='ocrx_word' id='word_1_205' title='bbox 1261 1535 1290 1583; x_wconf 91' lang='lat' dir='ltr'><strong>et</strong></span> <span class='ocrx_word' id='word_1_206' title='bbox 1310 1542 1342 1583; x_wconf 88' lang='lat' dir='ltr'><strong>ea</strong></span> <span class='ocrx_word' id='word_1_207' title='bbox 1367 1543 1427 1598; x_wconf 76' lang='lat' dir='ltr'><strong>qtrae</strong></span> <span class='ocrx_word' id='word_1_208' title='bbox 1439 1530 1672 1602; x_wconf 84' lang='lat' dir='ltr'><strong>praescriptasunt</strong></span> <span class='ocrx_word' id='word_1_209' title='bbox 1688 1547 1786 1595; x_wconf 88' lang='lat' dir='ltr'><strong>aucto·</strong></span> 
     </span>
     <span class='ocr_line' id='line_1_27' title="bbox 153 1613 1786 1691; baseline 0.006 -18"><span class='ocrx_word' id='word_1_210' title='bbox 153 1620 292 1691; x_wconf 80' lang='lat' dir='ltr'><strong>rigetrias</strong></span> <span class='ocrx_word' id='word_1_211' title='bbox 307 1628 367 1675; x_wconf 90' lang='lat' dir='ltr'><strong>tuas</strong></span> <span class='ocrx_word' id='word_1_212' title='bbox 381 1634 396 1673; x_wconf 97' lang='lat' dir='ltr'><strong>a</strong></span> <span class='ocrx_word' id='word_1_213' title='bbox 411 1632 467 1687; x_wconf 85' lang='lat' dir='ltr'><strong>qtto</strong></span> <span class='ocrx_word' id='word_1_214' title='bbox 483 1630 594 1689; x_wconf 86' lang='lat' dir='ltr'><strong>gressus</strong></span> <span class='ocrx_word' id='word_1_215' title='bbox 610 1613 729 1671; x_wconf 89' lang='lat' dir='ltr'><strong>lromiuis</strong></span> <span class='ocrx_word' id='word_1_216' title='bbox 742 1615 906 1685; x_wconf 90' lang='lat' dir='ltr'><strong>diriguntur.</strong></span> <span class='ocrx_word' id='word_1_217' title='bbox 996 1615 1077 1671; x_wconf 90' lang='lat' dir='ltr'><strong>ritate</strong></span> <span class='ocrx_word' id='word_1_218' title='bbox 1093 1615 1242 1686; x_wconf 89' lang='lat' dir='ltr'><strong>apostolica</strong></span> <span class='ocrx_word' id='word_1_219' title='bbox 1259 1616 1454 1675; x_wconf 74' lang='lat' dir='ltr'><strong>confirmamus</strong></span> <span class='ocrx_word' id='word_1_220' title='bbox 1479 1628 1507 1675; x_wconf 94' lang='lat' dir='ltr'><strong>et</strong></span> <span class='ocrx_word' id='word_1_221' title='bbox 1529 1626 1656 1691; x_wconf 79' lang='lat' dir='ltr'><strong>praesenti</strong></span> <span class='ocrx_word' id='word_1_222' title='bbox 1678 1635 1786 1683; x_wconf 87' lang='lat' dir='ltr'><strong>statuto</strong></span> 
     </span>
     <span class='ocr_line' id='line_1_28' title="bbox 189 1681 1789 1789; baseline 0.006 -23"><span class='ocrx_word' id='word_1_223' title='bbox 189 1713 287 1767; x_wconf 89' lang='lat' dir='ltr'><strong>batum</strong></span> <span class='ocrx_word' id='word_1_224' title='bbox 297 1708 426 1765; x_wconf 75' lang='lat' dir='ltr'><strong>Laterani</strong></span> <span class='ocrx_word' id='word_1_225' title='bbox 440 1725 466 1764; x_wconf 88' lang='lat' dir='ltr'><strong>rr</strong></span> <span class='ocrx_word' id='word_1_226' title='bbox 481 1708 542 1765; x_wconf 89' lang='lat' dir='ltr'><strong>Eal.</strong></span> <span class='ocrx_word' id='word_1_227' title='bbox 556 1705 845 1777; x_wconf 84' lang='lat' dir='ltr'><strong>blartii,pontilrcatus</strong></span> <span class='ocrx_word' id='word_1_228' title='bbox 857 1708 942 1764; x_wconf 89' lang='lat' dir='ltr'><strong>nostri</strong></span> <span class='ocrx_word' id='word_1_229' title='bbox 958 1681 980 1738; x_wconf 74' lang='lat' dir='ltr'>B</span> <span class='ocrx_word' id='word_1_230' title='bbox 996 1706 1165 1763; x_wconf 85' lang='lat' dir='ltr'><strong>decernimus</strong></span> <span class='ocrx_word' id='word_1_231' title='bbox 1186 1715 1216 1763; x_wconf 90' lang='lat' dir='ltr'><strong>ul</strong></span> <span class='ocrx_word' id='word_1_232' title='bbox 1242 1716 1337 1765; x_wconf 88' lang='lat' dir='ltr'><strong>contra</strong></span> <span class='ocrx_word' id='word_1_233' title='bbox 1361 1725 1394 1765; x_wconf 89' lang='lat' dir='ltr'><strong>ea</strong></span> <span class='ocrx_word' id='word_1_234' title='bbox 1419 1712 1494 1769; x_wconf 93' lang='lat' dir='ltr'><strong>nullo</strong></span> <span class='ocrx_word' id='word_1_235' title='bbox 1519 1729 1638 1785; x_wconf 81' lang='lat' dir='ltr'><strong>unqttant</strong></span> <span class='ocrx_word' id='word_1_236' title='bbox 1667 1726 1789 1789; x_wconf 89' lang='lat' dir='ltr'><strong>tempore</strong></span> 
     </span>
     <span class='ocr_line' id='line_1_29' title="bbox 152 1794 1790 1874; baseline 0.007 -17"><span class='ocrx_word' id='word_1_237' title='bbox 152 1816 224 1859; x_wconf 80' lang='lat' dir='ltr'><strong>antro</strong></span> <span class='ocrx_word' id='word_1_238' title='bbox 239 1800 409 1859; x_wconf 89' lang='lat' dir='ltr'><strong>duodecimo.</strong></span> <span class='ocrx_word' id='word_1_239' title='bbox 987 1794 1139 1869; x_wconf 82' lang='lat' dir='ltr'><strong>&#39;quisquam</strong></span> <span class='ocrx_word' id='word_1_240' title='bbox 1168 1800 1260 1857; x_wconf 84' lang='lat' dir='ltr'><strong>uenire</strong></span> <span class='ocrx_word' id='word_1_241' title='bbox 1289 1813 1445 1874; x_wconf 75' lang='lat' dir='ltr'><strong>prasumat,</strong></span> <span class='ocrx_word' id='word_1_242' title='bbox 1469 1808 1507 1861; x_wconf 90' lang='lat' dir='ltr'><strong>ita</strong></span> <span class='ocrx_word' id='word_1_243' title='bbox 1527 1817 1556 1863; x_wconf 92' lang='lat' dir='ltr'><strong>ut</strong></span> <span class='ocrx_word' id='word_1_244' title='bbox 1577 1810 1613 1865; x_wconf 89' lang='lat' dir='ltr'><strong>sit</strong></span> <span class='ocrx_word' id='word_1_245' title='bbox 1638 1810 1747 1867; x_wconf 89' lang='lat' dir='ltr'><strong>irritum</strong></span> <span class='ocrx_word' id='word_1_246' title='bbox 1760 1823 1790 1868; x_wconf 88' lang='lat' dir='ltr'><strong>ct</strong></span> 
     </span>
     <span class='ocr_line' id='line_1_30' title="bbox 533 1890 1787 1979; baseline 0.023 -44"><span class='ocrx_word' id='word_1_247' title='bbox 533 1890 567 1949; x_wconf 79' lang='lat' dir='ltr'><strong>v,</strong></span> <span class='ocrx_word' id='word_1_248' title='bbox 996 1891 1077 1947; x_wconf 89' lang='lat' dir='ltr'><strong>inane</strong></span> <span class='ocrx_word' id='word_1_249' title='bbox 1094 1892 1226 1964; x_wconf 78' lang='lat' dir='ltr'><strong>nitidquid</strong></span> <span class='ocrx_word' id='word_1_250' title='bbox 1242 1895 1275 1951; x_wconf 90' lang='lat' dir='ltr'><strong>de</strong></span> <span class='ocrx_word' id='word_1_251' title='bbox 1289 1896 1347 1965; x_wconf 87' lang='lat' dir='ltr'><strong>ipso</strong></span> <span class='ocrx_word' id='word_1_252' title='bbox 1371 1908 1464 1955; x_wconf 85' lang='lat' dir='ltr'><strong>castro</strong></span> <span class='ocrx_word' id='word_1_253' title='bbox 1489 1911 1582 1958; x_wconf 88' lang='lat' dir='ltr'><strong>contra</strong></span> <span class='ocrx_word' id='word_1_254' title='bbox 1598 1908 1787 1979; x_wconf 79' lang='lat' dir='ltr'><strong>praescriptam</strong></span> 
     </span>
     <span class='ocr_line' id='line_1_31' title="bbox 158 1982 1791 2072; baseline 0.009 -29"><span class='ocrx_word' id='word_1_255' title='bbox 158 2000 247 2046; x_wconf 76' lang='lat' dir='ltr'><strong>nortui</strong></span> <span class='ocrx_word' id='word_1_256' title='bbox 263 2004 327 2043; x_wconf 87' lang='lat' dir='ltr'><strong>rum</strong></span> <span class='ocrx_word' id='word_1_257' title='bbox 342 2000 454 2045; x_wconf 81' lang='lat' dir='ltr'><strong>nucanno</strong></span> <span class='ocrx_word' id='word_1_258' title='bbox 474 2001 596 2043; x_wconf 77' lang='lat' dir='ltr'><strong>canarno</strong></span> <span class='ocrx_word' id='word_1_259' title='bbox 606 2000 709 2041; x_wconf 79' lang='lat' dir='ltr'><strong>ausano</strong></span> <span class='ocrx_word' id='word_1_260' title='bbox 723 1998 824 2042; x_wconf 84' lang='lat' dir='ltr'><strong>sonuno</strong></span> <span class='ocrx_word' id='word_1_261' title='bbox 838 1998 940 2042; x_wconf 84' lang='lat' dir='ltr'><strong>courrr.</strong></span> <span class='ocrx_word' id='word_1_262' title='bbox 996 1982 1111 2040; x_wconf 82' lang='lat' dir='ltr'><strong>lormam</strong></span> <span class='ocrx_word' id='word_1_263' title='bbox 1126 1983 1196 2041; x_wconf 89' lang='lat' dir='ltr'><strong>iuret</strong></span> <span class='ocrx_word' id='word_1_264' title='bbox 1223 2000 1238 2041; x_wconf 93' lang='lat' dir='ltr'><strong>a</strong></span> <span class='ocrx_word' id='word_1_265' title='bbox 1261 1988 1383 2058; x_wconf 85' lang='lat' dir='ltr'><strong>quolibet</strong></span> <span class='ocrx_word' id='word_1_266' title='bbox 1398 2001 1574 2050; x_wconf 87' lang='lat' dir='ltr'><strong>attentatum.</strong></span> <span class='ocrx_word' id='word_1_267' title='bbox 1593 1996 1623 2053; x_wconf 82' lang='lat' dir='ltr'><strong>Si</strong></span> <span class='ocrx_word' id='word_1_268' title='bbox 1637 2012 1703 2071; x_wconf 89' lang='lat' dir='ltr'><strong>ergo</strong></span> <span class='ocrx_word' id='word_1_269' title='bbox 1715 2001 1791 2072; x_wconf 91' lang='lat' dir='ltr'><strong>prior</strong></span> 
     </span>
     <span class='ocr_line' id='line_1_32' title="bbox 317 2074 1788 2148; baseline 0.013 -20"><span class='ocrx_word' id='word_1_270' title='bbox 317 2078 352 2133; x_wconf 81' lang='lat' dir='ltr'><strong>Ei</strong></span> <span class='ocrx_word' id='word_1_271' title='bbox 372 2078 502 2147; x_wconf 77' lang='lat' dir='ltr'><strong>confirmat</strong></span> <span class='ocrx_word' id='word_1_272' title='bbox 515 2086 632 2131; x_wconf 79' lang='lat' dir='ltr'><strong>castrum</strong></span> <span class='ocrx_word' id='word_1_273' title='bbox 654 2074 797 2131; x_wconf 86' lang='lat' dir='ltr'><strong>Soranum.</strong></span> <span class='ocrx_word' id='word_1_274' title='bbox 952 2132 956 2141; x_wconf 61' lang='grc'><strong>,</strong></span> <span class='ocrx_word' id='word_1_275' title='bbox 995 2083 1022 2129; x_wconf 86' lang='lat' dir='ltr'><strong>et</strong></span> <span class='ocrx_word' id='word_1_276' title='bbox 1041 2075 1163 2131; x_wconf 89' lang='lat' dir='ltr'><strong>canonici</strong></span> <span class='ocrx_word' id='word_1_277' title='bbox 1179 2074 1372 2136; x_wconf 86' lang='lat' dir='ltr'><strong>Lateranensls</strong></span> <span class='ocrx_word' id='word_1_278' title='bbox 1394 2082 1524 2142; x_wconf 75' lang='lat' dir='ltr'><strong>Ecclesiae</strong></span> <span class='ocrx_word' id='word_1_279' title='bbox 1544 2098 1641 2144; x_wconf 90' lang='lat' dir='ltr'><strong>contra</strong></span> <span class='ocrx_word' id='word_1_280' title='bbox 1655 2100 1788 2148; x_wconf 90' lang='lat' dir='ltr'><strong>statutum</strong></span> 
     </span>
     <span class='ocr_line' id='line_1_33' title="bbox 360 2163 1790 2253; baseline 0.012 -30"><span class='ocrx_word' id='word_1_281' title='bbox 360 2169 494 2241; x_wconf 85' lang='lat' dir='ltr'><strong>(Laterani</strong></span> <span class='ocrx_word' id='word_1_282' title='bbox 506 2183 532 2223; x_wconf 87' lang='lat' dir='ltr'><strong>rr</strong></span> <span class='ocrx_word' id='word_1_283' title='bbox 544 2166 605 2222; x_wconf 85' lang='lat' dir='ltr'><strong>Eal.</strong></span> <span class='ocrx_word' id='word_1_284' title='bbox 619 2164 731 2237; x_wconf 85' lang='lat' dir='ltr'><strong>llartii.)</strong></span> <span class='ocrx_word' id='word_1_285' title='bbox 995 2163 1171 2235; x_wconf 88' lang='lat' dir='ltr'><strong>apostolicum</strong></span> <span class='ocrx_word' id='word_1_286' title='bbox 1182 2166 1322 2224; x_wconf 83' lang='lat' dir='ltr'><strong>venientes</strong></span> <span class='ocrx_word' id='word_1_287' title='bbox 1351 2169 1487 2230; x_wconf 89' lang='lat' dir='ltr'><strong>locatione</strong></span> <span class='ocrx_word' id='word_1_288' title='bbox 1503 2175 1578 2232; x_wconf 89' lang='lat' dir='ltr'><strong>linita</strong></span> <span class='ocrx_word' id='word_1_289' title='bbox 1599 2178 1701 2236; x_wconf 90' lang='lat' dir='ltr'><strong>nollent</strong></span> <span class='ocrx_word' id='word_1_290' title='bbox 1719 2197 1790 2253; x_wconf 73' lang='lat' dir='ltr'><strong>prae·</strong></span> 
     </span>
     <span class='ocr_line' id='line_1_34' title="bbox 189 2254 1790 2341; baseline 0.006 -20"><span class='ocrx_word' id='word_1_291' title='bbox 189 2266 259 2321; x_wconf 80' lang='lat' dir='ltr'><strong>Eum</strong></span> <span class='ocrx_word' id='word_1_292' title='bbox 274 2271 391 2319; x_wconf 88' lang='lat' dir='ltr'><strong>castrum</strong></span> <span class='ocrx_word' id='word_1_293' title='bbox 405 2259 489 2316; x_wconf 78' lang='lat' dir='ltr'><strong>l&#39;allis</strong></span> <span class='ocrx_word' id='word_1_294' title='bbox 502 2258 639 2315; x_wconf 88' lang='lat' dir='ltr'><strong>llontonis</strong></span> <span class='ocrx_word' id='word_1_295' title='bbox 649 2272 700 2329; x_wconf 89' lang='lat' dir='ltr'><strong>pro</strong></span> <span class='ocrx_word' id='word_1_296' title='bbox 711 2258 797 2313; x_wconf 92' lang='lat' dir='ltr'><strong>multa</strong></span> <span class='ocrx_word' id='word_1_297' title='bbox 806 2264 835 2314; x_wconf 94' lang='lat' dir='ltr'><strong>et</strong></span> <span class='ocrx_word' id='word_1_298' title='bbox 845 2272 943 2329; x_wconf 86' lang='lat' dir='ltr'><strong>magna</strong></span> <span class='ocrx_word' id='word_1_299' title='bbox 995 2254 1081 2310; x_wconf 86' lang='lat' dir='ltr'><strong>latum</strong></span> <span class='ocrx_word' id='word_1_300' title='bbox 1094 2265 1214 2311; x_wconf 83' lang='lat' dir='ltr'><strong>castrum</strong></span> <span class='ocrx_word' id='word_1_301' title='bbox 1229 2258 1279 2315; x_wconf 89' lang='lat' dir='ltr'><strong>tibi</strong></span> <span class='ocrx_word' id='word_1_302' title='bbox 1293 2260 1337 2315; x_wconf 88' lang='lat' dir='ltr'><strong>rel</strong></span> <span class='ocrx_word' id='word_1_303' title='bbox 1357 2261 1410 2318; x_wconf 90' lang='lat' dir='ltr'><strong>tuis</strong></span> <span class='ocrx_word' id='word_1_304' title='bbox 1430 2264 1582 2324; x_wconf 69' lang='lat' dir='ltr'><strong>heredibus</strong></span> <span class='ocrx_word' id='word_1_305' title='bbox 1593 2270 1728 2341; x_wconf 88' lang='lat' dir='ltr'><strong>relocare,</strong></span> <span class='ocrx_word' id='word_1_306' title='bbox 1741 2290 1790 2331; x_wconf 82' lang='lat' dir='ltr'><strong>roa</strong></span> 
     </span>
     <span class='ocr_line' id='line_1_35' title="bbox 151 2346 1785 2433; baseline 0.026 -51"><span class='ocrx_word' id='word_1_307' title='bbox 151 2351 436 2427; x_wconf 55' lang='lat' dir='ltr'><strong>mummium</strong></span> <span class='ocrx_word' id='word_1_308' title='bbox 458 2352 509 2409; x_wconf 62' lang='lat' dir='ltr'><strong>,up</strong></span> <span class='ocrx_word' id='word_1_309' title='bbox 533 2351 662 2421; x_wconf 65' lang='lat' dir='ltr'><strong>grauibus</strong></span> <span class='ocrx_word' id='word_1_310' title='bbox 681 2358 753 2407; x_wconf 82' lang='lat' dir='ltr'><strong>esset</strong></span> <span class='ocrx_word' id='word_1_311' title='bbox 772 2351 943 2423; x_wconf 90' lang='lat' dir='ltr'><strong>pignoratum</strong></span> <span class='ocrx_word' id='word_1_312' title='bbox 996 2346 1172 2404; x_wconf 77' lang='lat' dir='ltr'><strong>nibilominus</strong></span> <span class='ocrx_word' id='word_1_313' title='bbox 1205 2349 1271 2405; x_wconf 93' lang='lat' dir='ltr'><strong>illud</strong></span> <span class='ocrx_word' id='word_1_314' title='bbox 1300 2365 1334 2407; x_wconf 81' lang='lat' dir='ltr'><strong>ex</strong></span> <span class='ocrx_word' id='word_1_315' title='bbox 1354 2354 1407 2409; x_wconf 85' lang='lat' dir='ltr'><strong>irae</strong></span> <span class='ocrx_word' id='word_1_316' title='bbox 1433 2359 1612 2417; x_wconf 83' lang='lat' dir='ltr'><strong>concessione</strong></span> <span class='ocrx_word' id='word_1_317' title='bbox 1638 2367 1785 2433; x_wconf 87' lang='lat' dir='ltr'><strong>apostolica</strong></span> 
     </span>
     <span class='ocr_line' id='line_1_36' title="bbox 151 2439 1787 2528; baseline 0.013 -33"><span class='ocrx_word' id='word_1_318' title='bbox 151 2446 255 2511; x_wconf 81' lang='lat' dir='ltr'><strong>usuris,</strong></span> <span class='ocrx_word' id='word_1_319' title='bbox 280 2445 316 2499; x_wconf 90' lang='lat' dir='ltr'><strong>ita</strong></span> <span class='ocrx_word' id='word_1_320' title='bbox 333 2452 364 2499; x_wconf 93' lang='lat' dir='ltr'><strong>ut</strong></span> <span class='ocrx_word' id='word_1_321' title='bbox 386 2442 420 2499; x_wconf 91' lang='lat' dir='ltr'><strong>de</strong></span> <span class='ocrx_word' id='word_1_322' title='bbox 441 2443 606 2500; x_wconf 75' lang='lat' dir='ltr'><strong>alienatione</strong></span> <span class='ocrx_word' id='word_1_323' title='bbox 626 2442 712 2515; x_wconf 88' lang='lat' dir='ltr'><strong>ipsius</strong></span> <span class='ocrx_word' id='word_1_324' title='bbox 739 2441 945 2499; x_wconf 81' lang='lat' dir='ltr'><strong>multiformiter</strong></span> <span class='ocrx_word' id='word_1_325' title='bbox 996 2439 1122 2507; x_wconf 86' lang='lat' dir='ltr'><strong>terreatis,</strong></span> <span class='ocrx_word' id='word_1_326' title='bbox 1134 2456 1169 2497; x_wconf 89' lang='lat' dir='ltr'><strong>ne</strong></span> <span class='ocrx_word' id='word_1_327' title='bbox 1183 2443 1299 2511; x_wconf 89' lang='lat' dir='ltr'><strong>pretium</strong></span> <span class='ocrx_word' id='word_1_328' title='bbox 1319 2445 1435 2501; x_wconf 89' lang='lat' dir='ltr'><strong>multum</strong></span> <span class='ocrx_word' id='word_1_329' title='bbox 1455 2449 1565 2518; x_wconf 81' lang='lat' dir='ltr'><strong>quidem</strong></span> <span class='ocrx_word' id='word_1_330' title='bbox 1591 2462 1619 2508; x_wconf 89' lang='lat' dir='ltr'><strong>et</strong></span> <span class='ocrx_word' id='word_1_331' title='bbox 1646 2470 1787 2528; x_wconf 85' lang='lat' dir='ltr'><strong>magnum,</strong></span> 
     </span>
     <span class='ocr_line' id='line_1_37' title="bbox 154 2533 1792 2620; baseline 0.015 -37"><span class='ocrx_word' id='word_1_332' title='bbox 154 2548 292 2609; x_wconf 62' lang='lat' dir='ltr'><strong>ageretur,</strong></span> <span class='ocrx_word' id='word_1_333' title='bbox 303 2551 354 2593; x_wconf 88' lang='lat' dir='ltr'><strong>nos</strong></span> <span class='ocrx_word' id='word_1_334' title='bbox 363 2550 521 2607; x_wconf 71' lang='lat' dir='ltr'><strong>precavere</strong></span> <span class='ocrx_word' id='word_1_335' title='bbox 533 2534 654 2593; x_wconf 84' lang='lat' dir='ltr'><strong>uolentes</strong></span> <span class='ocrx_word' id='word_1_336' title='bbox 665 2549 698 2591; x_wconf 91' lang='lat' dir='ltr'><strong>ne</strong></span> <span class='ocrx_word' id='word_1_337' title='bbox 710 2534 743 2591; x_wconf 88' lang='lat' dir='ltr'><strong>ad</strong></span> <span class='ocrx_word' id='word_1_338' title='bbox 755 2535 816 2592; x_wconf 90' lang='lat' dir='ltr'><strong>illos</strong></span> <span class='ocrx_word' id='word_1_339' title='bbox 829 2534 943 2593; x_wconf 77' lang='lat' dir='ltr'><strong>forsitan</strong></span> <span class='ocrx_word' id='word_1_340' title='bbox 995 2533 1067 2602; x_wconf 87' lang='lat' dir='ltr'><strong>quod</strong></span> <span class='ocrx_word' id='word_1_341' title='bbox 1090 2542 1200 2604; x_wconf 89' lang='lat' dir='ltr'><strong>propter</strong></span> <span class='ocrx_word' id='word_1_342' title='bbox 1214 2536 1359 2594; x_wconf 88' lang='lat' dir='ltr'><strong>utilitatem</strong></span> <span class='ocrx_word' id='word_1_343' title='bbox 1389 2555 1564 2599; x_wconf 86' lang='lat' dir='ltr'><strong>communem</strong></span> <span class='ocrx_word' id='word_1_344' title='bbox 1587 2560 1638 2616; x_wconf 92' lang='lat' dir='ltr'><strong>pro</strong></span> <span class='ocrx_word' id='word_1_345' title='bbox 1653 2552 1792 2620; x_wconf 81' lang='lat' dir='ltr'><strong>emptione</strong></span> 
     </span>
     <span class='ocr_line' id='line_1_38' title="bbox 150 2624 1790 2705; baseline 0.016 -32"><span class='ocrx_word' id='word_1_346' title='bbox 150 2628 367 2701; x_wconf 70' lang='lat' dir='ltr'><strong>perrentrrtper</strong></span> <span class='ocrx_word' id='word_1_347' title='bbox 387 2640 457 2698; x_wconf 84' lang='lat' dir='ltr'><strong>quos</strong></span> <span class='ocrx_word' id='word_1_348' title='bbox 469 2636 524 2683; x_wconf 73' lang='lat' dir='ltr'><strong>um</strong></span> <span class='ocrx_word' id='word_1_349' title='bbox 541 2625 687 2697; x_wconf 87' lang='lat' dir='ltr'><strong>apostolica</strong></span> <span class='ocrx_word' id='word_1_350' title='bbox 707 2626 786 2684; x_wconf 87' lang='lat' dir='ltr'><strong>sedes</strong></span> <span class='ocrx_word' id='word_1_351' title='bbox 801 2642 882 2699; x_wconf 80' lang='lat' dir='ltr'><strong>quam</strong></span> <span class='ocrx_word' id='word_1_352' title='bbox 894 2624 944 2683; x_wconf 84' lang='lat' dir='ltr'><strong>ba·</strong></span> <span class='ocrx_word' id='word_1_353' title='bbox 996 2624 1082 2697; x_wconf 90' lang='lat' dir='ltr'><strong>ipsius</strong></span> <span class='ocrx_word' id='word_1_354' title='bbox 1103 2628 1186 2684; x_wconf 88' lang='lat' dir='ltr'><strong>castri</strong></span> <span class='ocrx_word' id='word_1_355' title='bbox 1210 2630 1339 2700; x_wconf 90' lang='lat' dir='ltr'><strong>partima</strong></span> <span class='ocrx_word' id='word_1_356' title='bbox 1357 2633 1475 2690; x_wconf 85' lang='lat' dir='ltr'><strong>nobisct</strong></span> <span class='ocrx_word' id='word_1_357' title='bbox 1495 2637 1595 2705; x_wconf 88' lang='lat' dir='ltr'><strong>partim</strong></span> <span class='ocrx_word' id='word_1_358' title='bbox 1621 2650 1680 2697; x_wconf 88' lang='lat' dir='ltr'><strong>nte</strong></span> <span class='ocrx_word' id='word_1_359' title='bbox 1697 2643 1790 2699; x_wconf 85' lang='lat' dir='ltr'><strong>datum</strong></span> 
     </span>
     <span class='ocr_line' id='line_1_39' title="bbox 151 2718 1790 2796; baseline 0.012 -26"><span class='ocrx_word' id='word_1_360' title='bbox 151 2720 305 2779; x_wconf 66' lang='lat' dir='ltr'><strong>turonensis</strong></span> <span class='ocrx_word' id='word_1_361' title='bbox 324 2719 447 2776; x_wconf 78' lang='lat' dir='ltr'><strong>Ecclesia</strong></span> <span class='ocrx_word' id='word_1_362' title='bbox 461 2734 514 2776; x_wconf 90' lang='lat' dir='ltr'><strong>nec</strong></span> <span class='ocrx_word' id='word_1_363' title='bbox 529 2734 582 2775; x_wconf 94' lang='lat' dir='ltr'><strong>non</strong></span> <span class='ocrx_word' id='word_1_364' title='bbox 605 2728 634 2775; x_wconf 89' lang='lat' dir='ltr'><strong>et</strong></span> <span class='ocrx_word' id='word_1_365' title='bbox 657 2726 712 2776; x_wconf 89' lang='lat' dir='ltr'><strong>tota</strong></span> <span class='ocrx_word' id='word_1_366' title='bbox 726 2718 827 2776; x_wconf 87' lang='lat' dir='ltr'><strong>ricinia</strong></span> <span class='ocrx_word' id='word_1_367' title='bbox 843 2718 945 2790; x_wconf 82' lang='lat' dir='ltr'><strong>grande</strong></span> <span class='ocrx_word' id='word_1_368' title='bbox 995 2725 1047 2785; x_wconf 92' lang='lat' dir='ltr'><strong>est,</strong></span> <span class='ocrx_word' id='word_1_369' title='bbox 1065 2719 1218 2776; x_wconf 85' lang='lat' dir='ltr'><strong>amittatur.</strong></span> <span class='ocrx_word' id='word_1_370' title='bbox 1234 2720 1273 2777; x_wconf 90' lang='lat' dir='ltr'><strong>lta</strong></span> <span class='ocrx_word' id='word_1_371' title='bbox 1293 2731 1383 2781; x_wconf 88' lang='lat' dir='ltr'><strong>tamen</strong></span> <span class='ocrx_word' id='word_1_372' title='bbox 1395 2734 1426 2779; x_wconf 91' lang='lat' dir='ltr'><strong>ut</strong></span> <span class='ocrx_word' id='word_1_373' title='bbox 1440 2728 1528 2796; x_wconf 90' lang='lat' dir='ltr'><strong>parati</strong></span> <span class='ocrx_word' id='word_1_374' title='bbox 1552 2729 1615 2786; x_wconf 91' lang='lat' dir='ltr'><strong>sitis</strong></span> <span class='ocrx_word' id='word_1_375' title='bbox 1627 2730 1790 2791; x_wconf 86' lang='lat' dir='ltr'><strong>locationem</strong></span> 
     </span>
     <span class='ocr_line' id='line_1_40' title="bbox 149 2810 1792 2887; baseline 0.012 -18"><span class='ocrx_word' id='word_1_376' title='bbox 149 2829 183 2870; x_wconf 84' lang='lat' dir='ltr'><strong>ac</strong></span> <span class='ocrx_word' id='word_1_377' title='bbox 192 2814 439 2885; x_wconf 87' lang='lat' dir='ltr'><strong>grareiucurrerct</strong></span> <span class='ocrx_word' id='word_1_378' title='bbox 451 2812 657 2879; x_wconf 88' lang='lat' dir='ltr'><strong>detrimentum,</strong></span> <span class='ocrx_word' id='word_1_379' title='bbox 674 2810 858 2882; x_wconf 82' lang='lat' dir='ltr'><strong>cogitavimus</strong></span> <span class='ocrx_word' id='word_1_380' title='bbox 870 2826 944 2867; x_wconf 81' lang='lat' dir='ltr'><strong>eme·</strong></span> <span class='ocrx_word' id='word_1_381' title='bbox 997 2811 1118 2882; x_wconf 87' lang='lat' dir='ltr'><strong>recipere</strong></span> <span class='ocrx_word' id='word_1_382' title='bbox 1145 2815 1296 2870; x_wconf 91' lang='lat' dir='ltr'><strong>secundum</strong></span> <span class='ocrx_word' id='word_1_383' title='bbox 1324 2818 1536 2887; x_wconf 82' lang='lat' dir='ltr'><strong>praecedentium</strong></span> <span class='ocrx_word' id='word_1_384' title='bbox 1562 2821 1725 2883; x_wconf 89' lang='lat' dir='ltr'><strong>locationum</strong></span> <span class='ocrx_word' id='word_1_385' title='bbox 1752 2838 1792 2883; x_wconf 86' lang='lat' dir='ltr'><strong>te-</strong></span> 
     </span>
     <span class='ocr_line' id='line_1_41' title="bbox 150 2902 1788 2987; baseline 0.008 -27"><span class='ocrx_word' id='word_1_386' title='bbox 150 2920 180 2961; x_wconf 92' lang='lat' dir='ltr'><strong>re</strong></span> <span class='ocrx_word' id='word_1_387' title='bbox 195 2905 269 2961; x_wconf 91' lang='lat' dir='ltr'><strong>idem</strong></span> <span class='ocrx_word' id='word_1_388' title='bbox 290 2912 424 2961; x_wconf 89' lang='lat' dir='ltr'><strong>castrum.</strong></span> <span class='ocrx_word' id='word_1_389' title='bbox 441 2903 496 2960; x_wconf 88' lang='lat' dir='ltr'><strong>Sed</strong></span> <span class='ocrx_word' id='word_1_390' title='bbox 517 2911 714 2975; x_wconf 83' lang='lat' dir='ltr'><strong>cognoscentes</strong></span> <span class='ocrx_word' id='word_1_391' title='bbox 736 2904 808 2975; x_wconf 84' lang='lat' dir='ltr'><strong>qood</strong></span> <span class='ocrx_word' id='word_1_392' title='bbox 833 2902 945 2959; x_wconf 84' lang='lat' dir='ltr'><strong>Latera·</strong></span> <span class='ocrx_word' id='word_1_393' title='bbox 991 2914 1102 2969; x_wconf 90' lang='lat' dir='ltr'><strong>norem,</strong></span> <span class='ocrx_word' id='word_1_394' title='bbox 1117 2912 1143 2959; x_wconf 89' lang='lat' dir='ltr'><strong>et</strong></span> <span class='ocrx_word' id='word_1_395' title='bbox 1157 2904 1264 2961; x_wconf 88' lang='lat' dir='ltr'><strong>laciatis</strong></span> <span class='ocrx_word' id='word_1_396' title='bbox 1277 2906 1316 2962; x_wconf 95' lang='lat' dir='ltr'><strong>illi</strong></span> <span class='ocrx_word' id='word_1_397' title='bbox 1330 2908 1447 2978; x_wconf 80' lang='lat' dir='ltr'><strong>persolvi</strong></span> <span class='ocrx_word' id='word_1_398' title='bbox 1473 2925 1593 2968; x_wconf 90' lang='lat' dir='ltr'><strong>annuam</strong></span> <span class='ocrx_word' id='word_1_399' title='bbox 1619 2918 1788 2987; x_wconf 84' lang='lat' dir='ltr'><strong>pensionem.</strong></span> 
     </span>
     <span class='ocr_line' id='line_1_42' title="bbox 149 2990 1788 3081; baseline 0.009 -29"><span class='ocrx_word' id='word_1_400' title='bbox 149 2997 227 3053; x_wconf 87' lang='lat' dir='ltr'><strong>nensi</strong></span> <span class='ocrx_word' id='word_1_401' title='bbox 245 2996 375 3053; x_wconf 79' lang='lat' dir='ltr'><strong>Ecclesiae</strong></span> <span class='ocrx_word' id='word_1_402' title='bbox 395 2994 566 3067; x_wconf 87' lang='lat' dir='ltr'><strong>dispendium</strong></span> <span class='ocrx_word' id='word_1_403' title='bbox 590 3004 768 3069; x_wconf 79' lang='lat' dir='ltr'><strong>generaretur</strong></span> <span class='ocrx_word' id='word_1_404' title='bbox 783 2996 806 3053; x_wconf 91' lang='lat' dir='ltr'><strong>si</strong></span> <span class='ocrx_word' id='word_1_405' title='bbox 824 3004 943 3051; x_wconf 75' lang='lat' dir='ltr'><strong>castrum</strong></span> <span class='ocrx_word' id='word_1_406' title='bbox 957 3021 980 3081; x_wconf 54' lang='grc' dir='ltr'><strong>ὓ</strong></span> <span class='ocrx_word' id='word_1_407' title='bbox 996 2990 1132 3052; x_wconf 81' lang='lat' dir='ltr'><strong>Praelibati</strong></span> <span class='ocrx_word' id='word_1_408' title='bbox 1156 3010 1222 3053; x_wconf 91' lang='lat' dir='ltr'><strong>rero</strong></span> <span class='ocrx_word' id='word_1_409' title='bbox 1251 2997 1425 3056; x_wconf 90' lang='lat' dir='ltr'><strong>instrumenti</strong></span> <span class='ocrx_word' id='word_1_410' title='bbox 1459 3012 1580 3061; x_wconf 84' lang='lat' dir='ltr'><strong>tenorem</strong></span> <span class='ocrx_word' id='word_1_411' title='bbox 1603 3006 1638 3063; x_wconf 89' lang='lat' dir='ltr'><strong>ad</strong></span> <span class='ocrx_word' id='word_1_412' title='bbox 1658 3008 1788 3080; x_wconf 80' lang='lat' dir='ltr'><strong>tnaJorcm</strong></span> 
     </span>
     <span class='ocr_line' id='line_1_43' title="bbox 148 3084 1791 3174; baseline 0.007 -28"><span class='ocrx_word' id='word_1_413' title='bbox 148 3092 240 3161; x_wconf 89' lang='lat' dir='ltr'><strong>ipsum</strong></span> <span class='ocrx_word' id='word_1_414' title='bbox 258 3090 415 3146; x_wconf 84' lang='lat' dir='ltr'><strong>immediate</strong></span> <span class='ocrx_word' id='word_1_415' title='bbox 431 3089 567 3145; x_wconf 87' lang='lat' dir='ltr'><strong>adsedem</strong></span> <span class='ocrx_word' id='word_1_416' title='bbox 582 3088 760 3161; x_wconf 87' lang='lat' dir='ltr'><strong>apostolicam</strong></span> <span class='ocrx_word' id='word_1_417' title='bbox 775 3087 943 3160; x_wconf 80' lang='lat' dir='ltr'><strong>perueniret,</strong></span> <span class='ocrx_word' id='word_1_418' title='bbox 996 3084 1131 3143; x_wconf 88' lang='lat' dir='ltr'><strong>cautelam</strong></span> <span class='ocrx_word' id='word_1_419' title='bbox 1142 3087 1206 3143; x_wconf 87' lang='lat' dir='ltr'><strong>truie</strong></span> <span class='ocrx_word' id='word_1_420' title='bbox 1217 3090 1324 3159; x_wconf 74' lang='lat' dir='ltr'><strong>paginae</strong></span> <span class='ocrx_word' id='word_1_421' title='bbox 1347 3090 1464 3149; x_wconf 90' lang='lat' dir='ltr'><strong>lecimus</strong></span> <span class='ocrx_word' id='word_1_422' title='bbox 1477 3096 1616 3156; x_wconf 89' lang='lat' dir='ltr'><strong>adnotari.</strong></span> <span class='ocrx_word' id='word_1_423' title='bbox 1640 3098 1718 3170; x_wconf 79' lang='lat' dir='ltr'><strong>Quod</strong></span> <span class='ocrx_word' id='word_1_424' title='bbox 1731 3104 1791 3174; x_wconf 88' lang='lat' dir='ltr'><strong>qni·</strong></span> 
     </span>
     <span class='ocr_line' id='line_1_44' title="bbox 149 3176 1790 3253; baseline 0.008 -15"><span class='ocrx_word' id='word_1_425' title='bbox 149 3184 222 3238; x_wconf 90' lang='lat' dir='ltr'><strong>sicut</strong></span> <span class='ocrx_word' id='word_1_426' title='bbox 244 3183 326 3238; x_wconf 90' lang='lat' dir='ltr'><strong>etiam</strong></span> <span class='ocrx_word' id='word_1_427' title='bbox 346 3182 424 3253; x_wconf 91' lang='lat' dir='ltr'><strong>prior</strong></span> <span class='ocrx_word' id='word_1_428' title='bbox 441 3191 469 3238; x_wconf 88' lang='lat' dir='ltr'><strong>et</strong></span> <span class='ocrx_word' id='word_1_429' title='bbox 488 3179 609 3236; x_wconf 91' lang='lat' dir='ltr'><strong>canonici</strong></span> <span class='ocrx_word' id='word_1_430' title='bbox 634 3179 756 3250; x_wconf 85' lang='lat' dir='ltr'><strong>ejusdem</strong></span> <span class='ocrx_word' id='word_1_431' title='bbox 777 3176 944 3235; x_wconf 77' lang='lat' dir='ltr'><strong>Ecclesiae</strong></span> <span class='ocrx_word' id='word_1_432' title='bbox 996 3178 1058 3235; x_wconf 86' lang='lat' dir='ltr'><strong>dent</strong></span> <span class='ocrx_word' id='word_1_433' title='bbox 1071 3187 1113 3236; x_wconf 90' lang='lat' dir='ltr'><strong>est</strong></span> <span class='ocrx_word' id='word_1_434' title='bbox 1127 3179 1180 3236; x_wconf 90' lang='lat' dir='ltr'><strong>tale</strong></span> <span class='ocrx_word' id='word_1_435' title='bbox 1197 3181 1398 3239; x_wconf 80' lang='lat' dir='ltr'><strong>:aln&#39;nomine</strong></span> <span class='ocrx_word' id='word_1_436' title='bbox 1419 3186 1536 3242; x_wconf 87' lang='lat' dir='ltr'><strong>bomini.</strong></span> <span class='ocrx_word' id='word_1_437' title='bbox 1559 3191 1639 3248; x_wconf 74' lang='lat' dir='ltr'><strong>drino</strong></span> <span class='ocrx_word' id='word_1_438' title='bbox 1661 3192 1790 3250; x_wconf 88' lang='lat' dir='ltr'><strong>lucarna-</strong></span> 
     </span>
     <span class='ocr_line' id='line_1_45' title="bbox 147 3269 1792 3356; baseline 0.01 -30"><span class='ocrx_word' id='word_1_439' title='bbox 147 3273 232 3330; x_wconf 90' lang='lat' dir='ltr'><strong>nobls</strong></span> <span class='ocrx_word' id='word_1_440' title='bbox 246 3270 361 3350; x_wconf 87' lang='lat' dir='ltr'><strong>consulti</strong></span> <span class='ocrx_word' id='word_1_441' title='bbox 373 3280 437 3328; x_wconf 92' lang='lat' dir='ltr'><strong>sunt</strong></span> <span class='ocrx_word' id='word_1_442' title='bbox 450 3269 587 3326; x_wconf 89' lang='lat' dir='ltr'><strong>multoties</strong></span> <span class='ocrx_word' id='word_1_443' title='bbox 613 3269 768 3341; x_wconf 85' lang='lat' dir='ltr'><strong>protestati,</strong></span> <span class='ocrx_word' id='word_1_444' title='bbox 788 3284 838 3328; x_wconf 85' lang='lat' dir='ltr'><strong>nos</strong></span> <span class='ocrx_word' id='word_1_445' title='bbox 850 3269 944 3326; x_wconf 82' lang='lat' dir='ltr'><strong>trabtu</strong></span> <span class='ocrx_word' id='word_1_446' title='bbox 995 3271 1078 3330; x_wconf 85' lang='lat' dir='ltr'><strong>tionis</strong></span> <span class='ocrx_word' id='word_1_447' title='bbox 1099 3272 1241 3330; x_wconf 76' lang='lat' dir='ltr'><strong>dominicae</strong></span> <span class='ocrx_word' id='word_1_448' title='bbox 1253 3273 1588 3335; x_wconf 88' lang='lat' dir='ltr'><strong>millesimoduccntesimo</strong></span> <span class='ocrx_word' id='word_1_449' title='bbox 1602 3290 1706 3348; x_wconf 83' lang='lat' dir='ltr'><strong>octauo,</strong></span> <span class='ocrx_word' id='word_1_450' title='bbox 1723 3301 1792 3356; x_wconf 88' lang='lat' dir='ltr'><strong>pon·</strong></span> 
     </span>
     <span class='ocr_line' id='line_1_46' title="bbox 147 3361 1791 3443; baseline 0.006 -22"><span class='ocrx_word' id='word_1_451' title='bbox 147 3363 350 3422; x_wconf 83' lang='lat' dir='ltr'><strong>deliberatione</strong></span> <span class='ocrx_word' id='word_1_452' title='bbox 376 3361 514 3435; x_wconf 91' lang='lat' dir='ltr'><strong>prudenti,</strong></span> <span class='ocrx_word' id='word_1_453' title='bbox 534 3377 568 3418; x_wconf 82' lang='lat' dir='ltr'><strong>ex</strong></span> <span class='ocrx_word' id='word_1_454' title='bbox 597 3361 672 3417; x_wconf 92' lang='lat' dir='ltr'><strong>omni</strong></span> <span class='ocrx_word' id='word_1_455' title='bbox 699 3369 777 3432; x_wconf 91' lang='lat' dir='ltr'><strong>parte</strong></span> <span class='ocrx_word' id='word_1_456' title='bbox 802 3361 945 3433; x_wconf 83' lang='lat' dir='ltr'><strong>prouidere</strong></span> <span class='ocrx_word' id='word_1_457' title='bbox 997 3361 1194 3420; x_wconf 86' lang='lat' dir='ltr'><strong>tilicatusrero</strong></span> <span class='ocrx_word' id='word_1_458' title='bbox 1217 3363 1329 3421; x_wconf 86' lang='lat' dir='ltr'><strong>bomini</strong></span> <span class='ocrx_word' id='word_1_459' title='bbox 1355 3362 1509 3422; x_wconf 89' lang='lat' dir='ltr'><strong>innocentii</strong></span> <span class='ocrx_word' id='word_1_460' title='bbox 1526 3370 1600 3426; x_wconf 89' lang='lat' dir='ltr'><strong>tertii</strong></span> <span class='ocrx_word' id='word_1_461' title='bbox 1620 3385 1697 3443; x_wconf 74' lang='lat' dir='ltr'><strong>papa</strong></span> <span class='ocrx_word' id='word_1_462' title='bbox 1719 3390 1791 3430; x_wconf 89' lang='lat' dir='ltr'><strong>anno</strong></span> 
     </span>
     <span class='ocr_line' id='line_1_47' title="bbox 147 3450 1786 3522; baseline 0.007 -12"><span class='ocrx_word' id='word_1_463' title='bbox 147 3457 291 3521; x_wconf 81' lang='lat' dir='ltr'><strong>nolentes,</strong></span> <span class='ocrx_word' id='word_1_464' title='bbox 311 3462 428 3510; x_wconf 86' lang='lat' dir='ltr'><strong>castrum</strong></span> <span class='ocrx_word' id='word_1_465' title='bbox 453 3451 541 3522; x_wconf 86' lang='lat' dir='ltr'><strong>ipsum</strong></span> <span class='ocrx_word' id='word_1_466' title='bbox 565 3451 598 3508; x_wconf 86' lang='lat' dir='ltr'><strong>de</strong></span> <span class='ocrx_word' id='word_1_467' title='bbox 624 3451 733 3507; x_wconf 92' lang='lat' dir='ltr'><strong>illorum</strong></span> <span class='ocrx_word' id='word_1_468' title='bbox 754 3451 868 3508; x_wconf 86' lang='lat' dir='ltr'><strong>lecimus</strong></span> <span class='ocrx_word' id='word_1_469' title='bbox 890 3450 944 3506; x_wconf 89' lang='lat' dir='ltr'><strong>emi</strong></span> <span class='ocrx_word' id='word_1_470' title='bbox 997 3453 1151 3520; x_wconf 90' lang='lat' dir='ltr'><strong>undecimo,</strong></span> <span class='ocrx_word' id='word_1_471' title='bbox 1161 3453 1309 3511; x_wconf 90' lang='lat' dir='ltr'><strong>indictione</strong></span> <span class='ocrx_word' id='word_1_472' title='bbox 1319 3455 1576 3521; x_wconf 85' lang='lat' dir='ltr'><strong>undecima,mense</strong></span> <span class='ocrx_word' id='word_1_473' title='bbox 1590 3459 1688 3518; x_wconf 81' lang='lat' dir='ltr'><strong>Octob.</strong></span> <span class='ocrx_word' id='word_1_474' title='bbox 1704 3465 1748 3522; x_wconf 88' lang='lat' dir='ltr'><strong>dic</strong></span> <span class='ocrx_word' id='word_1_475' title='bbox 1760 3467 1786 3522; x_wconf 81' lang='lat' dir='ltr'><strong>d.</strong></span> 
     </span>
     <span class='ocr_line' id='line_1_48' title="bbox 147 3541 1791 3614; baseline 0.006 -12"><span class='ocrx_word' id='word_1_476' title='bbox 147 3559 306 3609; x_wconf 82' lang='lat' dir='ltr'><strong>consensu,</strong></span> <span class='ocrx_word' id='word_1_477' title='bbox 320 3545 417 3614; x_wconf 87' lang='lat' dir='ltr'><strong>partim</strong></span> <span class='ocrx_word' id='word_1_478' title='bbox 430 3541 553 3598; x_wconf 90' lang='lat' dir='ltr'><strong>debonis</strong></span> <span class='ocrx_word' id='word_1_479' title='bbox 566 3543 821 3612; x_wconf 87' lang='lat' dir='ltr'><strong>tuis,etpartimde</strong></span> <span class='ocrx_word' id='word_1_480' title='bbox 834 3543 944 3610; x_wconf 88' lang='lat' dir='ltr'><strong>nostris,</strong></span> <span class='ocrx_word' id='word_1_481' title='bbox 995 3541 1063 3598; x_wconf 84' lang='lat' dir='ltr'><strong>dcta</strong></span> <span class='ocrx_word' id='word_1_482' title='bbox 1077 3544 1185 3614; x_wconf 89' lang='lat' dir='ltr'><strong>publica</strong></span> <span class='ocrx_word' id='word_1_483' title='bbox 1204 3545 1228 3600; x_wconf 92' lang='lat' dir='ltr'><strong>si</strong></span> <span class='ocrx_word' id='word_1_484' title='bbox 1243 3545 1395 3602; x_wconf 87' lang='lat' dir='ltr'><strong>litterarum</strong></span> <span class='ocrx_word' id='word_1_485' title='bbox 1416 3548 1557 3605; x_wconf 80' lang='lat' dir='ltr'><strong>memoriae</strong></span> <span class='ocrx_word' id='word_1_486' title='bbox 1571 3552 1673 3608; x_wconf 87' lang='lat' dir='ltr'><strong>tradita</strong></span> <span class='ocrx_word' id='word_1_487' title='bbox 1689 3553 1791 3611; x_wconf 82' lang='lat' dir='ltr'><strong>luerint</strong></span> 
     </span>
     <span class='ocr_line' id='line_1_49' title="bbox 145 3634 1789 3713; baseline 0.013 -30"><span class='ocrx_word' id='word_1_488' title='bbox 145 3638 185 3694; x_wconf 60' lang='lat' dir='ltr'><strong>aa</strong></span> <span class='ocrx_word' id='word_1_489' title='bbox 200 3651 276 3708; x_wconf 78' lang='lat' dir='ltr'><strong>opus</strong></span> <span class='ocrx_word' id='word_1_490' title='bbox 296 3634 387 3706; x_wconf 81' lang='lat' dir='ltr'><strong>utiquc</strong></span> <span class='ocrx_word' id='word_1_491' title='bbox 414 3644 503 3702; x_wconf 88' lang='lat' dir='ltr'><strong>tuum,</strong></span> <span class='ocrx_word' id='word_1_492' title='bbox 517 3634 568 3691; x_wconf 90' lang='lat' dir='ltr'><strong>sub</strong></span> <span class='ocrx_word' id='word_1_493' title='bbox 581 3635 690 3692; x_wconf 90' lang='lat' dir='ltr'><strong>nominc</strong></span> <span class='ocrx_word' id='word_1_494' title='bbox 711 3645 814 3702; x_wconf 89' lang='lat' dir='ltr'><strong>nostro,</strong></span> <span class='ocrx_word' id='word_1_495' title='bbox 828 3650 862 3692; x_wconf 91' lang='lat' dir='ltr'><strong>ne</strong></span> <span class='ocrx_word' id='word_1_496' title='bbox 878 3651 944 3692; x_wconf 84' lang='lat' dir='ltr'><strong>rcu-</strong></span> <span class='ocrx_word' id='word_1_497' title='bbox 997 3636 1069 3692; x_wconf 89' lang='lat' dir='ltr'><strong>nubc</strong></span> <span class='ocrx_word' id='word_1_498' title='bbox 1085 3635 1232 3692; x_wconf 82' lang='lat' dir='ltr'><strong>oblivionis</strong></span> <span class='ocrx_word' id='word_1_499' title='bbox 1257 3649 1373 3699; x_wconf 84' lang='lat' dir='ltr'><strong>remota.</strong></span> <span class='ocrx_word' id='word_1_500' title='bbox 1395 3649 1525 3710; x_wconf 84' lang='lat' dir='ltr'><strong>perpetua</strong></span> <span class='ocrx_word' id='word_1_501' title='bbox 1544 3642 1713 3713; x_wconf 86' lang='lat' dir='ltr'><strong>inspectione</strong></span> <span class='ocrx_word' id='word_1_502' title='bbox 1731 3649 1789 3703; x_wconf 85' lang='lat' dir='ltr'><strong>cla-</strong></span> 
     </span>
     <span class='ocr_line' id='line_1_50' title="bbox 146 3725 1789 3800; baseline 0.012 -28"><span class='ocrx_word' id='word_1_503' title='bbox 146 3729 286 3785; x_wconf 70' lang='lat' dir='ltr'><strong>prponcm</strong></span> <span class='ocrx_word' id='word_1_504' title='bbox 308 3729 393 3798; x_wconf 80' lang='lat' dir='ltr'><strong>ipsam</strong></span> <span class='ocrx_word' id='word_1_505' title='bbox 407 3725 477 3782; x_wconf 73' lang='lat' dir='ltr'><strong>dume</strong></span> <span class='ocrx_word' id='word_1_506' title='bbox 496 3726 667 3800; x_wconf 84' lang='lat' dir='ltr'><strong>contingeret</strong></span> <span class='ocrx_word' id='word_1_507' title='bbox 691 3727 725 3784; x_wconf 89' lang='lat' dir='ltr'><strong>ab</strong></span> <span class='ocrx_word' id='word_1_508' title='bbox 740 3727 844 3784; x_wconf 75' lang='lat' dir='ltr'><strong>emulis</strong></span> <span class='ocrx_word' id='word_1_509' title='bbox 859 3729 945 3800; x_wconf 86' lang='lat' dir='ltr'><strong>impc-</strong></span> <span class='ocrx_word' id='word_1_510' title='bbox 997 3737 1117 3780; x_wconf 88' lang='lat' dir='ltr'><strong>rescunt.</strong></span> <span class='ocrx_word' id='word_1_511' title='bbox 1133 3725 1304 3797; x_wconf 85' lang='lat' dir='ltr'><strong>Quapropter</strong></span> <span class='ocrx_word' id='word_1_512' title='bbox 1314 3743 1365 3798; x_wconf 79' lang='lat' dir='ltr'><strong>cg·</strong></span> <span class='ocrx_word' id='word_1_513' title='bbox 1376 3726 1495 3786; x_wconf 82' lang='lat' dir='ltr'><strong>loannes</strong></span> <span class='ocrx_word' id='word_1_514' title='bbox 1505 3729 1540 3787; x_wconf 90' lang='lat' dir='ltr'><strong>de</strong></span> <span class='ocrx_word' id='word_1_515' title='bbox 1550 3730 1651 3790; x_wconf 86' lang='lat' dir='ltr'><strong>Sancto</strong></span> <span class='ocrx_word' id='word_1_516' title='bbox 1665 3733 1789 3794; x_wconf 83' lang='lat' dir='ltr'><strong>Lauren-</strong></span> 
     </span>
     <span class='ocr_line' id='line_1_51' title="bbox 146 3815 1789 3895; baseline 0.013 -32"><span class='ocrx_word' id='word_1_517' title='bbox 146 3817 277 3888; x_wconf 63' lang='lat' dir='ltr'><strong>g111,qui</strong></span> <span class='ocrx_word' id='word_1_518' title='bbox 302 3817 336 3874; x_wconf 81' lang='lat' dir='ltr'><strong>de</strong></span> <span class='ocrx_word' id='word_1_519' title='bbox 361 3815 414 3872; x_wconf 84' lang='lat' dir='ltr'><strong>tois</strong></span> <span class='ocrx_word' id='word_1_520' title='bbox 432 3817 603 3872; x_wconf 82' lang='lat' dir='ltr'><strong>successibus</strong></span> <span class='ocrx_word' id='word_1_521' title='bbox 631 3825 695 3888; x_wconf 78' lang='lat' dir='ltr'><strong>typo</strong></span> <span class='ocrx_word' id='word_1_522' title='bbox 719 3816 827 3873; x_wconf 79' lang='lat' dir='ltr'><strong>tnrtdtn</strong></span> <span class='ocrx_word' id='word_1_523' title='bbox 853 3827 946 3874; x_wconf 88' lang='lat' dir='ltr'><strong>couta-</strong></span> <span class='ocrx_word' id='word_1_524' title='bbox 997 3816 1036 3871; x_wconf 94' lang='lat' dir='ltr'><strong>tio</strong></span> <span class='ocrx_word' id='word_1_525' title='bbox 1049 3815 1078 3871; x_wconf 87' lang='lat' dir='ltr'><strong>S.</strong></span> <span class='ocrx_word' id='word_1_526' title='bbox 1092 3815 1164 3872; x_wconf 86' lang='lat' dir='ltr'><strong>ll.E.</strong></span> <span class='ocrx_word' id='word_1_527' title='bbox 1176 3817 1337 3874; x_wconf 89' lang='lat' dir='ltr'><strong>scriniarius</strong></span> <span class='ocrx_word' id='word_1_528' title='bbox 1351 3819 1479 3878; x_wconf 84' lang='lat' dir='ltr'><strong>mandato</strong></span> <span class='ocrx_word' id='word_1_529' title='bbox 1491 3830 1520 3877; x_wconf 91' lang='lat' dir='ltr'><strong>et</strong></span> <span class='ocrx_word' id='word_1_530' title='bbox 1531 3834 1667 3895; x_wconf 76' lang='lat' dir='ltr'><strong>praecepto</strong></span> <span class='ocrx_word' id='word_1_531' title='bbox 1682 3827 1789 3886; x_wconf 84' lang='lat' dir='ltr'><strong>bomini</strong></span> 
     </span>
     <span class='ocr_line' id='line_1_52' title="bbox 145 3896 1789 3985; baseline 0.02 -39"><span class='ocrx_word' id='word_1_532' title='bbox 145 3896 279 3966; x_wconf 60' lang='lat' dir='ltr'><strong>gemm,</strong></span> <span class='ocrx_word' id='word_1_533' title='bbox 295 3908 442 3977; x_wconf 67' lang='lat' dir='ltr'><strong>putavero</strong></span> <span class='ocrx_word' id='word_1_534' title='bbox 455 3922 504 3978; x_wconf 83' lang='lat' dir='ltr'><strong>por</strong></span> <span class='ocrx_word' id='word_1_535' title='bbox 518 3907 565 3964; x_wconf 81' lang='lat' dir='ltr'><strong>liei</strong></span> <span class='ocrx_word' id='word_1_536' title='bbox 585 3907 701 3979; x_wconf 85' lang='lat' dir='ltr'><strong>gratiam</strong></span> <span class='ocrx_word' id='word_1_537' title='bbox 726 3908 816 3965; x_wconf 87' lang='lat' dir='ltr'><strong>omnia</strong></span> <span class='ocrx_word' id='word_1_538' title='bbox 837 3909 946 3965; x_wconf 90' lang='lat' dir='ltr'><strong>luerunt</strong></span> <span class='ocrx_word' id='word_1_539' title='bbox 997 3905 1146 3964; x_wconf 86' lang='lat' dir='ltr'><strong>innocentii</strong></span> <span class='ocrx_word' id='word_1_540' title='bbox 1168 3908 1211 3974; x_wconf 94' lang='lat' dir='ltr'><strong>lll,</strong></span> <span class='ocrx_word' id='word_1_541' title='bbox 1237 3924 1314 3980; x_wconf 78' lang='lat' dir='ltr'><strong>papae</strong></span> <span class='ocrx_word' id='word_1_542' title='bbox 1327 3909 1513 3979; x_wconf 82' lang='lat' dir='ltr'><strong>juramentum</strong></span> <span class='ocrx_word' id='word_1_543' title='bbox 1532 3917 1684 3985; x_wconf 77' lang='lat' dir='ltr'><strong>praestitum</strong></span> <span class='ocrx_word' id='word_1_544' title='bbox 1699 3921 1789 3978; x_wconf 90' lang='lat' dir='ltr'><strong>eidem</strong></span> 
     </span>
     <span class='ocr_line' id='line_1_53' title="bbox 147 4000 1790 4076; baseline 0.011 -22"><span class='ocrx_word' id='word_1_545' title='bbox 147 4002 386 4060; x_wconf 21' lang='lat' dir='ltr'><strong>stnevtorbatione</strong></span> <span class='ocrx_word' id='word_1_546' title='bbox 403 4000 557 4072; x_wconf 89' lang='lat' dir='ltr'><strong>completa,</strong></span> <span class='ocrx_word' id='word_1_547' title='bbox 573 4015 622 4056; x_wconf 89' lang='lat' dir='ltr'><strong>nos</strong></span> <span class='ocrx_word' id='word_1_548' title='bbox 640 4009 760 4056; x_wconf 88' lang='lat' dir='ltr'><strong>castrum</strong></span> <span class='ocrx_word' id='word_1_549' title='bbox 776 4000 864 4072; x_wconf 91' lang='lat' dir='ltr'><strong>ipsum</strong></span> <span class='ocrx_word' id='word_1_550' title='bbox 882 4015 944 4058; x_wconf 84' lang='lat' dir='ltr'><strong>curn</strong></span> <span class='ocrx_word' id='word_1_551' title='bbox 997 4000 1111 4059; x_wconf 81' lang='lat' dir='ltr'><strong>Domino</strong></span> <span class='ocrx_word' id='word_1_552' title='bbox 1138 4016 1216 4072; x_wconf 78' lang='lat' dir='ltr'><strong>papae</strong></span> <span class='ocrx_word' id='word_1_553' title='bbox 1244 4005 1505 4076; x_wconf 81' lang='lat' dir='ltr'><strong>successoribusque</strong></span> <span class='ocrx_word' id='word_1_554' title='bbox 1527 4009 1584 4065; x_wconf 92' lang='lat' dir='ltr'><strong>suis</strong></span> <span class='ocrx_word' id='word_1_555' title='bbox 1605 4020 1633 4066; x_wconf 92' lang='lat' dir='ltr'><strong>et</strong></span> <span class='ocrx_word' id='word_1_556' title='bbox 1660 4013 1790 4072; x_wconf 77' lang='lat' dir='ltr'><strong>Ecclesia</strong></span> 
     </span>
     <span class='ocr_line' id='line_1_54' title="bbox 146 4088 1791 4168; baseline 0.007 -15"><span class='ocrx_word' id='word_1_557' title='bbox 146 4091 471 4164; x_wconf 90' lang='lat' dir='ltr'><strong>omnibospertinentiis</strong></span> <span class='ocrx_word' id='word_1_558' title='bbox 492 4091 559 4158; x_wconf 89' lang='lat' dir='ltr'><strong>suis,</strong></span> <span class='ocrx_word' id='word_1_559' title='bbox 578 4090 651 4148; x_wconf 88' lang='lat' dir='ltr'><strong>salro</strong></span> <span class='ocrx_word' id='word_1_560' title='bbox 669 4088 732 4162; x_wconf 83' lang='lat' dir='ltr'><strong>jure</strong></span> <span class='ocrx_word' id='word_1_561' title='bbox 755 4090 946 4147; x_wconf 85' lang='lat' dir='ltr'><strong>Lateranensis</strong></span> <span class='ocrx_word' id='word_1_562' title='bbox 996 4091 1126 4149; x_wconf 83' lang='lat' dir='ltr'><strong>llornanae</strong></span> <span class='ocrx_word' id='word_1_563' title='bbox 1151 4095 1179 4149; x_wconf 93' lang='lat' dir='ltr'><strong>in</strong></span> <span class='ocrx_word' id='word_1_564' title='bbox 1211 4095 1311 4166; x_wconf 82' lang='lat' dir='ltr'><strong>palatio</strong></span> <span class='ocrx_word' id='word_1_565' title='bbox 1331 4098 1452 4168; x_wconf 90' lang='lat' dir='ltr'><strong>episcopi</strong></span> <span class='ocrx_word' id='word_1_566' title='bbox 1478 4099 1618 4157; x_wconf 81' lang='lat' dir='ltr'><strong>Ferentini</strong></span> <span class='ocrx_word' id='word_1_567' title='bbox 1645 4119 1661 4158; x_wconf 89' lang='lat' dir='ltr'><strong>a</strong></span> <span class='ocrx_word' id='word_1_568' title='bbox 1688 4108 1791 4163; x_wconf 82' lang='lat' dir='ltr'><strong>cornito</strong></span> 
     </span>
     <span class='ocr_line' id='line_1_55' title="bbox 148 4179 1790 4266; baseline 0.01 -27"><span class='ocrx_word' id='word_1_569' title='bbox 148 4184 294 4249; x_wconf 77' lang='lat' dir='ltr'><strong>Ecclesiae,</strong></span> <span class='ocrx_word' id='word_1_570' title='bbox 318 4181 368 4238; x_wconf 93' lang='lat' dir='ltr'><strong>tibi</strong></span> <span class='ocrx_word' id='word_1_571' title='bbox 383 4182 417 4237; x_wconf 91' lang='lat' dir='ltr'><strong>ad</strong></span> <span class='ocrx_word' id='word_1_572' title='bbox 436 4194 504 4250; x_wconf 89' lang='lat' dir='ltr'><strong>opus</strong></span> <span class='ocrx_word' id='word_1_573' title='bbox 523 4190 552 4236; x_wconf 89' lang='lat' dir='ltr'><strong>et</strong></span> <span class='ocrx_word' id='word_1_574' title='bbox 562 4179 705 4237; x_wconf 86' lang='lat' dir='ltr'><strong>utilitatem</strong></span> <span class='ocrx_word' id='word_1_575' title='bbox 727 4186 801 4235; x_wconf 88' lang='lat' dir='ltr'><strong>tuam</strong></span> <span class='ocrx_word' id='word_1_576' title='bbox 817 4180 945 4236; x_wconf 84' lang='lat' dir='ltr'><strong>ctlraere-</strong></span> <span class='ocrx_word' id='word_1_577' title='bbox 996 4183 1123 4252; x_wconf 87' lang='lat' dir='ltr'><strong>llicardo,</strong></span> <span class='ocrx_word' id='word_1_578' title='bbox 1143 4187 1214 4242; x_wconf 83' lang='lat' dir='ltr'><strong>sicut</strong></span> <span class='ocrx_word' id='word_1_579' title='bbox 1235 4188 1301 4254; x_wconf 91' lang='lat' dir='ltr'><strong>ridi,</strong></span> <span class='ocrx_word' id='word_1_580' title='bbox 1324 4190 1415 4245; x_wconf 87' lang='lat' dir='ltr'><strong>audiri</strong></span> <span class='ocrx_word' id='word_1_581' title='bbox 1434 4200 1463 4248; x_wconf 92' lang='lat' dir='ltr'><strong>et</strong></span> <span class='ocrx_word' id='word_1_582' title='bbox 1477 4193 1600 4262; x_wconf 87' lang='lat' dir='ltr'><strong>interlui,</strong></span> <span class='ocrx_word' id='word_1_583' title='bbox 1621 4197 1736 4266; x_wconf 90' lang='lat' dir='ltr'><strong>publicis</strong></span> <span class='ocrx_word' id='word_1_584' title='bbox 1746 4201 1790 4256; x_wconf 88' lang='lat' dir='ltr'><strong>lit·</strong></span> 
     </span>
     <span class='ocr_line' id='line_1_56' title="bbox 146 4271 1788 4362; baseline 0.009 -30"><span class='ocrx_word' id='word_1_585' title='bbox 146 4277 213 4332; x_wconf 89' lang='lat' dir='ltr'><strong>dom</strong></span> <span class='ocrx_word' id='word_1_586' title='bbox 239 4285 350 4330; x_wconf 88' lang='lat' dir='ltr'><strong>tuorum</strong></span> <span class='ocrx_word' id='word_1_587' title='bbox 366 4274 565 4340; x_wconf 88' lang='lat' dir='ltr'><strong>concessimus,</strong></span> <span class='ocrx_word' id='word_1_588' title='bbox 590 4271 787 4344; x_wconf 73' lang='lat' dir='ltr'><strong>assignavimus</strong></span> <span class='ocrx_word' id='word_1_589' title='bbox 811 4281 840 4328; x_wconf 92' lang='lat' dir='ltr'><strong>et</strong></span> <span class='ocrx_word' id='word_1_590' title='bbox 862 4271 946 4327; x_wconf 83' lang='lat' dir='ltr'><strong>tradi·</strong></span> <span class='ocrx_word' id='word_1_591' title='bbox 998 4277 1065 4333; x_wconf 87' lang='lat' dir='ltr'><strong>teris</strong></span> <span class='ocrx_word' id='word_1_592' title='bbox 1078 4279 1201 4336; x_wconf 86' lang='lat' dir='ltr'><strong>scribere</strong></span> <span class='ocrx_word' id='word_1_593' title='bbox 1215 4279 1320 4335; x_wconf 85' lang='lat' dir='ltr'><strong>curari.</strong></span> <span class='ocrx_word' id='word_1_594' title='bbox 1334 4279 1432 4336; x_wconf 86' lang='lat' dir='ltr'><strong>Comes</strong></span> <span class='ocrx_word' id='word_1_595' title='bbox 1450 4281 1590 4342; x_wconf 77' lang='lat' dir='ltr'><strong>Elocutus</strong></span> <span class='ocrx_word' id='word_1_596' title='bbox 1605 4288 1639 4342; x_wconf 93' lang='lat' dir='ltr'><strong>de</strong></span> <span class='ocrx_word' id='word_1_597' title='bbox 1660 4288 1728 4344; x_wconf 86' lang='lat' dir='ltr'><strong>Sora</strong></span> <span class='ocrx_word' id='word_1_598' title='bbox 1741 4291 1788 4362; x_wconf 86' lang='lat' dir='ltr'><strong>ju·-</strong></span> 
     </span>
     <span class='ocr_line' id='line_1_57' title="bbox 146 4362 1789 4448; baseline 0.009 -25"><span class='ocrx_word' id='word_1_599' title='bbox 146 4369 253 4434; x_wconf 86' lang='lat' dir='ltr'><strong>dimus,</strong></span> <span class='ocrx_word' id='word_1_600' title='bbox 269 4365 315 4421; x_wconf 89' lang='lat' dir='ltr'><strong>tall</strong></span> <span class='ocrx_word' id='word_1_601' title='bbox 326 4365 438 4436; x_wconf 84' lang='lat' dir='ltr'><strong>quidem</strong></span> <span class='ocrx_word' id='word_1_602' title='bbox 464 4373 597 4422; x_wconf 86' lang='lat' dir='ltr'><strong>tenorent</strong></span> <span class='ocrx_word' id='word_1_603' title='bbox 610 4379 661 4436; x_wconf 91' lang='lat' dir='ltr'><strong>pro</strong></span> <span class='ocrx_word' id='word_1_604' title='bbox 674 4362 787 4434; x_wconf 88' lang='lat' dir='ltr'><strong>pecunia</strong></span> <span class='ocrx_word' id='word_1_605' title='bbox 800 4379 881 4434; x_wconf 85' lang='lat' dir='ltr'><strong>quam</strong></span> <span class='ocrx_word' id='word_1_606' title='bbox 893 4377 942 4419; x_wconf 83' lang='lat' dir='ltr'><strong>nos</strong></span> <span class='ocrx_word' id='word_1_607' title='bbox 957 4373 980 4428; x_wconf 82' lang='lat' dir='ltr'><strong>ll</strong></span> <span class='ocrx_word' id='word_1_608' title='bbox 996 4367 1066 4423; x_wconf 84' lang='lat' dir='ltr'><strong>ravit</strong></span> <span class='ocrx_word' id='word_1_609' title='bbox 1079 4367 1235 4424; x_wconf 88' lang='lat' dir='ltr'><strong>lidelitatem</strong></span> <span class='ocrx_word' id='word_1_610' title='bbox 1255 4377 1283 4424; x_wconf 91' lang='lat' dir='ltr'><strong>et</strong></span> <span class='ocrx_word' id='word_1_611' title='bbox 1297 4368 1363 4426; x_wconf 88' lang='lat' dir='ltr'><strong>lecit</strong></span> <span class='ocrx_word' id='word_1_612' title='bbox 1383 4370 1475 4443; x_wconf 90' lang='lat' dir='ltr'><strong>ligium</strong></span> <span class='ocrx_word' id='word_1_613' title='bbox 1498 4375 1657 4448; x_wconf 76' lang='lat' dir='ltr'><strong>homagium</strong></span> <span class='ocrx_word' id='word_1_614' title='bbox 1677 4381 1789 4438; x_wconf 91' lang='lat' dir='ltr'><strong>domino</strong></span> 
     </span>
     <span class='ocr_line' id='line_1_58' title="bbox 146 4457 1790 4537; baseline 0.009 -21"><span class='ocrx_word' id='word_1_615' title='bbox 146 4462 179 4516; x_wconf 88' lang='lat' dir='ltr'><strong>arl</strong></span> <span class='ocrx_word' id='word_1_616' title='bbox 194 4460 369 4530; x_wconf 85' lang='lat' dir='ltr'><strong>emptionem</strong></span> <span class='ocrx_word' id='word_1_617' title='bbox 380 4459 464 4530; x_wconf 91' lang='lat' dir='ltr'><strong>ipsius</strong></span> <span class='ocrx_word' id='word_1_618' title='bbox 480 4458 562 4514; x_wconf 85' lang='lat' dir='ltr'><strong>castri</strong></span> <span class='ocrx_word' id='word_1_619' title='bbox 578 4457 755 4526; x_wconf 88' lang='lat' dir='ltr'><strong>contulimus,</strong></span> <span class='ocrx_word' id='word_1_620' title='bbox 771 4466 799 4513; x_wconf 94' lang='lat' dir='ltr'><strong>tu</strong></span> <span class='ocrx_word' id='word_1_621' title='bbox 814 4467 841 4514; x_wconf 92' lang='lat' dir='ltr'><strong>et</strong></span> <span class='ocrx_word' id='word_1_622' title='bbox 856 4457 944 4514; x_wconf 79' lang='lat' dir='ltr'><strong>lracrc-</strong></span> <span class='ocrx_word' id='word_1_623' title='bbox 996 4474 1072 4531; x_wconf 74' lang='lat' dir='ltr'><strong>papae</strong></span> <span class='ocrx_word' id='word_1_624' title='bbox 1082 4457 1240 4518; x_wconf 83' lang='lat' dir='ltr'><strong>Innocentio</strong></span> <span class='ocrx_word' id='word_1_625' title='bbox 1255 4462 1520 4537; x_wconf 82' lang='lat' dir='ltr'><strong>successoribusque</strong></span> <span class='ocrx_word' id='word_1_626' title='bbox 1533 4469 1590 4525; x_wconf 91' lang='lat' dir='ltr'><strong>suis</strong></span> <span class='ocrx_word' id='word_1_627' title='bbox 1613 4479 1642 4526; x_wconf 90' lang='lat' dir='ltr'><strong>et</strong></span> <span class='ocrx_word' id='word_1_628' title='bbox 1661 4470 1790 4531; x_wconf 72' lang='lat' dir='ltr'><strong>Ecclesia</strong></span> 
     </span>
     <span class='ocr_line' id='line_1_59' title="bbox 146 4551 1786 4625; baseline 0.012 -20"><span class='ocrx_word' id='word_1_629' title='bbox 146 4557 195 4611; x_wconf 84' lang='lat' dir='ltr'><strong>des</strong></span> <span class='ocrx_word' id='word_1_630' title='bbox 204 4553 251 4608; x_wconf 86' lang='lat' dir='ltr'><strong>tui</strong></span> <span class='ocrx_word' id='word_1_631' title='bbox 263 4553 299 4610; x_wconf 92' lang='lat' dir='ltr'><strong>dc</strong></span> <span class='ocrx_word' id='word_1_632' title='bbox 310 4561 402 4609; x_wconf 90' lang='lat' dir='ltr'><strong>castro</strong></span> <span class='ocrx_word' id='word_1_633' title='bbox 429 4554 489 4623; x_wconf 89' lang='lat' dir='ltr'><strong>ipso</strong></span> <span class='ocrx_word' id='word_1_634' title='bbox 511 4553 671 4623; x_wconf 88' lang='lat' dir='ltr'><strong>interposito</strong></span> <span class='ocrx_word' id='word_1_635' title='bbox 679 4551 833 4622; x_wconf 84' lang='lat' dir='ltr'><strong>juramento</strong></span> <span class='ocrx_word' id='word_1_636' title='bbox 851 4566 943 4624; x_wconf 88' lang='lat' dir='ltr'><strong>pacem</strong></span> <span class='ocrx_word' id='word_1_637' title='bbox 997 4553 1126 4610; x_wconf 82' lang='lat' dir='ltr'><strong>liomanae</strong></span> <span class='ocrx_word' id='word_1_638' title='bbox 1139 4554 1165 4609; x_wconf 94' lang='lat' dir='ltr'><strong>in</strong></span> <span class='ocrx_word' id='word_1_639' title='bbox 1179 4556 1322 4625; x_wconf 81' lang='lat' dir='ltr'><strong>prasentia</strong></span> <span class='ocrx_word' id='word_1_640' title='bbox 1335 4557 1506 4615; x_wconf 91' lang='lat' dir='ltr'><strong>dominorum</strong></span> <span class='ocrx_word' id='word_1_641' title='bbox 1518 4560 1634 4620; x_wconf 86' lang='lat' dir='ltr'><strong>loannis</strong></span> <span class='ocrx_word' id='word_1_642' title='bbox 1647 4565 1786 4623; x_wconf 86' lang='lat' dir='ltr'><strong>tllbanen-</strong></span> 
     </span>
     <span class='ocr_line' id='line_1_60' title="bbox 144 4643 1790 4724; baseline 0.011 -27"><span class='ocrx_word' id='word_1_643' title='bbox 144 4655 173 4702; x_wconf 70' lang='grc' dir='ltr'><strong>ει</strong></span> <span class='ocrx_word' id='word_1_644' title='bbox 190 4659 324 4717; x_wconf 82' lang='lat' dir='ltr'><strong>guerram</strong></span> <span class='ocrx_word' id='word_1_645' title='bbox 341 4645 375 4699; x_wconf 90' lang='lat' dir='ltr'><strong>ad</strong></span> <span class='ocrx_word' id='word_1_646' title='bbox 388 4644 541 4699; x_wconf 88' lang='lat' dir='ltr'><strong>mandatum</strong></span> <span class='ocrx_word' id='word_1_647' title='bbox 563 4645 678 4700; x_wconf 87' lang='lat' dir='ltr'><strong>llomani</strong></span> <span class='ocrx_word' id='word_1_648' title='bbox 693 4645 828 4715; x_wconf 88' lang='lat' dir='ltr'><strong>pontilicis</strong></span> <span class='ocrx_word' id='word_1_649' title='bbox 850 4652 944 4701; x_wconf 89' lang='lat' dir='ltr'><strong>contra</strong></span> <span class='ocrx_word' id='word_1_650' title='bbox 996 4645 1044 4712; x_wconf 89' lang='lat' dir='ltr'><strong>sis,</strong></span> <span class='ocrx_word' id='word_1_651' title='bbox 1055 4643 1167 4701; x_wconf 80' lang='lat' dir='ltr'><strong>loannis</strong></span> <span class='ocrx_word' id='word_1_652' title='bbox 1182 4645 1353 4712; x_wconf 83' lang='lat' dir='ltr'><strong>sabinensis,</strong></span> <span class='ocrx_word' id='word_1_653' title='bbox 1370 4647 1476 4705; x_wconf 82' lang='lat' dir='ltr'><strong>llicolai</strong></span> <span class='ocrx_word' id='word_1_654' title='bbox 1496 4650 1718 4724; x_wconf 84' lang='lat' dir='ltr'><strong>Tusculanensis,</strong></span> <span class='ocrx_word' id='word_1_655' title='bbox 1733 4657 1790 4714; x_wconf 56' lang='lat' dir='ltr'><strong>{tua</strong></span> 
     </span>
     <span class='ocr_line' id='line_1_61' title="bbox 145 4735 1788 4815; baseline 0.007 -22"><span class='ocrx_word' id='word_1_656' title='bbox 145 4739 292 4811; x_wconf 77' lang='lat' dir='ltr'><strong>quoslibet</strong></span> <span class='ocrx_word' id='word_1_657' title='bbox 316 4736 442 4793; x_wconf 73' lang='lat' dir='ltr'><strong>laomiucs</strong></span> <span class='ocrx_word' id='word_1_658' title='bbox 459 4737 577 4794; x_wconf 88' lang='lat' dir='ltr'><strong>laciatis.</strong></span> <span class='ocrx_word' id='word_1_659' title='bbox 603 4737 642 4793; x_wconf 84' lang='grc' dir='ltr'><strong>Τιι</strong></span> <span class='ocrx_word' id='word_1_660' title='bbox 669 4752 733 4794; x_wconf 86' lang='lat' dir='ltr'><strong>vero</strong></span> <span class='ocrx_word' id='word_1_661' title='bbox 756 4738 782 4794; x_wconf 93' lang='lat' dir='ltr'><strong>iu</strong></span> <span class='ocrx_word' id='word_1_662' title='bbox 802 4738 943 4808; x_wconf 77' lang='lat' dir='ltr'><strong>prasentia</strong></span> <span class='ocrx_word' id='word_1_663' title='bbox 995 4735 1077 4804; x_wconf 82' lang='lat' dir='ltr'><strong>golini</strong></span> <span class='ocrx_word' id='word_1_664' title='bbox 1090 4735 1223 4793; x_wconf 86' lang='lat' dir='ltr'><strong>Ostiensis</strong></span> <span class='ocrx_word' id='word_1_665' title='bbox 1247 4737 1449 4810; x_wconf 89' lang='lat' dir='ltr'><strong>cpiscopomm,</strong></span> <span class='ocrx_word' id='word_1_666' title='bbox 1472 4741 1583 4815; x_wconf 79' lang='lat' dir='ltr'><strong>Cyntlrii</strong></span> <span class='ocrx_word' id='word_1_667' title='bbox 1607 4746 1677 4802; x_wconf 90' lang='lat' dir='ltr'><strong>tituli</strong></span> <span class='ocrx_word' id='word_1_668' title='bbox 1693 4747 1788 4804; x_wconf 90' lang='lat' dir='ltr'><strong>Sancti</strong></span> 
     </span>
     <span class='ocr_line' id='line_1_62' title="bbox 146 4827 1786 4903; baseline 0.007 -19"><span class='ocrx_word' id='word_1_669' title='bbox 146 4839 248 4886; x_wconf 85' lang='lat' dir='ltr'><strong>nostra</strong></span> <span class='ocrx_word' id='word_1_670' title='bbox 270 4827 943 4902; x_wconf 83' lang='lat' dir='ltr'><strong>etlratrunrnostmrumsuperlrocjuranrentum</strong></span> <span class='ocrx_word' id='word_1_671' title='bbox 995 4827 1135 4883; x_wconf 84' lang='lat' dir='ltr'><strong>Laurentii</strong></span> <span class='ocrx_word' id='word_1_672' title='bbox 1163 4827 1190 4882; x_wconf 91' lang='lat' dir='ltr'><strong>in</strong></span> <span class='ocrx_word' id='word_1_673' title='bbox 1223 4827 1348 4895; x_wconf 84' lang='lat' dir='ltr'><strong>Lucina,</strong></span> <span class='ocrx_word' id='word_1_674' title='bbox 1383 4831 1490 4903; x_wconf 85' lang='lat' dir='ltr'><strong>Cyntbii</strong></span> <span class='ocrx_word' id='word_1_675' title='bbox 1522 4837 1593 4891; x_wconf 86' lang='lat' dir='ltr'><strong>tituli</strong></span> <span class='ocrx_word' id='word_1_676' title='bbox 1622 4838 1786 4896; x_wconf 84' lang='lat' dir='ltr'><strong>Sanctorum</strong></span> 
     </span>
     <span class='ocr_line' id='line_1_63' title="bbox 145 4917 1865 5006; baseline 0.011 -36"><span class='ocrx_word' id='word_1_677' title='bbox 145 4918 333 4991; x_wconf 83' lang='lat' dir='ltr'><strong>corporaliter</strong></span> <span class='ocrx_word' id='word_1_678' title='bbox 352 4917 512 4989; x_wconf 77' lang='lat' dir='ltr'><strong>prestitisti.</strong></span> <span class='ocrx_word' id='word_1_679' title='bbox 534 4918 568 4974; x_wconf 88' lang='lat' dir='ltr'><strong>Et</strong></span> <span class='ocrx_word' id='word_1_680' title='bbox 582 4928 611 4974; x_wconf 92' lang='lat' dir='ltr'><strong>ut</strong></span> <span class='ocrx_word' id='word_1_681' title='bbox 627 4919 797 4977; x_wconf 82' lang='lat' dir='ltr'><strong>demtionem</strong></span> <span class='ocrx_word' id='word_1_682' title='bbox 815 4919 944 4990; x_wconf 81' lang='lat' dir='ltr'><strong>quemad</strong></span> <span class='ocrx_word' id='word_1_683' title='bbox 995 4918 1109 4975; x_wconf 85' lang='lat' dir='ltr'><strong>loannis</strong></span> <span class='ocrx_word' id='word_1_684' title='bbox 1121 4928 1149 4976; x_wconf 93' lang='lat' dir='ltr'><strong>et</strong></span> <span class='ocrx_word' id='word_1_685' title='bbox 1160 4917 1249 4986; x_wconf 88' lang='lat' dir='ltr'><strong>Pauli,</strong></span> <span class='ocrx_word' id='word_1_686' title='bbox 1264 4920 1404 4978; x_wconf 84' lang='lat' dir='ltr'><strong>Benedicti</strong></span> <span class='ocrx_word' id='word_1_687' title='bbox 1426 4925 1496 4980; x_wconf 94' lang='lat' dir='ltr'><strong>tituli</strong></span> <span class='ocrx_word' id='word_1_688' title='bbox 1522 4927 1628 4982; x_wconf 75' lang='lat' dir='ltr'><strong>Sanctae</strong></span> <span class='ocrx_word' id='word_1_689' title='bbox 1643 4927 1785 5000; x_wconf 78' lang='lat' dir='ltr'><strong>Susanna,</strong></span> <span class='ocrx_word' id='word_1_690' title='bbox 1855 4995 1865 5006; x_wconf 24' lang='lat'>⁸</span> 
     </span>
     <span class='ocr_line' id='line_1_64' title="bbox 146 5009 1787 5082; baseline 0.007 -17"><span class='ocrx_word' id='word_1_691' title='bbox 146 5014 308 5071; x_wconf 82' lang='lat' dir='ltr'><strong>itomanam</strong></span> <span class='ocrx_word' id='word_1_692' title='bbox 327 5011 410 5068; x_wconf 84' lang='lat' dir='ltr'><strong>babes</strong></span> <span class='ocrx_word' id='word_1_693' title='bbox 433 5009 581 5068; x_wconf 84' lang='lat' dir='ltr'><strong>Ecclesiam</strong></span> <span class='ocrx_word' id='word_1_694' title='bbox 604 5011 711 5082; x_wconf 88' lang='lat' dir='ltr'><strong>plenius</strong></span> <span class='ocrx_word' id='word_1_695' title='bbox 730 5013 943 5081; x_wconf 89' lang='lat' dir='ltr'><strong>demonstrares,</strong></span> <span class='ocrx_word' id='word_1_696' title='bbox 997 5011 1106 5082; x_wconf 84' lang='lat' dir='ltr'><strong>liugerii</strong></span> <span class='ocrx_word' id='word_1_697' title='bbox 1120 5010 1190 5066; x_wconf 89' lang='lat' dir='ltr'><strong>tituli</strong></span> <span class='ocrx_word' id='word_1_698' title='bbox 1204 5009 1313 5068; x_wconf 79' lang='lat' dir='ltr'><strong>Sancte</strong></span> <span class='ocrx_word' id='word_1_699' title='bbox 1326 5011 1489 5081; x_wconf 72' lang='lat' dir='ltr'><strong>Anasmslae,</strong></span> <span class='ocrx_word' id='word_1_700' title='bbox 1505 5016 1577 5072; x_wconf 72' lang='lat' dir='ltr'><strong>l‘etri</strong></span> <span class='ocrx_word' id='word_1_701' title='bbox 1594 5018 1664 5072; x_wconf 71' lang='lat' dir='ltr'><strong>tltuli</strong></span> <span class='ocrx_word' id='word_1_702' title='bbox 1680 5019 1787 5076; x_wconf 73' lang='lat' dir='ltr'><strong>Sanctae</strong></span> 
     </span>
     <span class='ocr_line' id='line_1_65' title="bbox 145 5101 1787 5177; baseline 0.006 -19"><span class='ocrx_word' id='word_1_703' title='bbox 145 5103 180 5158; x_wconf 89' lang='lat' dir='ltr'><strong>de</strong></span> <span class='ocrx_word' id='word_1_704' title='bbox 192 5103 380 5174; x_wconf 85' lang='lat' dir='ltr'><strong>aliisquuqne</strong></span> <span class='ocrx_word' id='word_1_705' title='bbox 402 5101 482 5159; x_wconf 91' lang='lat' dir='ltr'><strong>terris</strong></span> <span class='ocrx_word' id='word_1_706' title='bbox 501 5116 561 5171; x_wconf 80' lang='lat' dir='ltr'><strong>qua</strong></span> <span class='ocrx_word' id='word_1_707' title='bbox 587 5103 621 5158; x_wconf 88' lang='lat' dir='ltr'><strong>ad</strong></span> <span class='ocrx_word' id='word_1_708' title='bbox 643 5111 669 5159; x_wconf 93' lang='lat' dir='ltr'><strong>te</strong></span> <span class='ocrx_word' id='word_1_709' title='bbox 691 5105 872 5175; x_wconf 86' lang='lat' dir='ltr'><strong>proprietario</strong></span> <span class='ocrx_word' id='word_1_710' title='bbox 882 5105 944 5176; x_wconf 86' lang='lat' dir='ltr'><strong>jure</strong></span> <span class='ocrx_word' id='word_1_711' title='bbox 995 5103 1172 5160; x_wconf 76' lang='lat' dir='ltr'><strong>Pudentiauac</strong></span> <span class='ocrx_word' id='word_1_712' title='bbox 1186 5104 1408 5177; x_wconf 79' lang='lat' dir='ltr'><strong>presbyterorum</strong></span> <span class='ocrx_word' id='word_1_713' title='bbox 1425 5105 1618 5177; x_wconf 89' lang='lat' dir='ltr'><strong>cardinalium,</strong></span> <span class='ocrx_word' id='word_1_714' title='bbox 1630 5120 1658 5166; x_wconf 90' lang='lat' dir='ltr'><strong>et</strong></span> <span class='ocrx_word' id='word_1_715' title='bbox 1672 5109 1787 5168; x_wconf 84' lang='lat' dir='ltr'><strong>loarrnis</strong></span> 
     </span>
     <span class='ocr_line' id='line_1_66' title="bbox 145 5192 1785 5273; baseline 0.007 -24"><span class='ocrx_word' id='word_1_716' title='bbox 145 5195 293 5267; x_wconf 90' lang='lat' dir='ltr'><strong>pertinent</strong></span> <span class='ocrx_word' id='word_1_717' title='bbox 306 5193 454 5250; x_wconf 86' lang='lat' dir='ltr'><strong>extribuisti</strong></span> <span class='ocrx_word' id='word_1_718' title='bbox 473 5193 563 5250; x_wconf 91' lang='lat' dir='ltr'><strong>simile</strong></span> <span class='ocrx_word' id='word_1_719' title='bbox 577 5192 775 5262; x_wconf 81' lang='lat' dir='ltr'><strong>iuramentum,</strong></span> <span class='ocrx_word' id='word_1_720' title='bbox 799 5196 871 5253; x_wconf 89' lang='lat' dir='ltr'><strong>sicut</strong></span> <span class='ocrx_word' id='word_1_721' title='bbox 896 5211 944 5266; x_wconf 92' lang='lat' dir='ltr'><strong>per</strong></span> <span class='ocrx_word' id='word_1_722' title='bbox 996 5197 1102 5253; x_wconf 77' lang='lat' dir='ltr'><strong>Sancta</strong></span> <span class='ocrx_word' id='word_1_723' title='bbox 1129 5197 1221 5254; x_wconf 78' lang='lat' dir='ltr'><strong>llariae</strong></span> <span class='ocrx_word' id='word_1_724' title='bbox 1245 5198 1271 5252; x_wconf 93' lang='lat' dir='ltr'><strong>in</strong></span> <span class='ocrx_word' id='word_1_725' title='bbox 1302 5197 1439 5255; x_wconf 79' lang='lat' dir='ltr'><strong>cosmidin</strong></span> <span class='ocrx_word' id='word_1_726' title='bbox 1456 5198 1584 5255; x_wconf 83' lang='lat' dir='ltr'><strong>s.li.E.</strong></span> <span class='ocrx_word' id='word_1_727' title='bbox 1613 5204 1785 5273; x_wconf 90' lang='lat' dir='ltr'><strong>cancellarii,</strong></span> 
     </span>
     <span class='ocr_line' id='line_1_67' title="bbox 146 5285 1786 5364; baseline 0.009 -25"><span class='ocrx_word' id='word_1_728' title='bbox 146 5285 291 5356; x_wconf 91' lang='lat' dir='ltr'><strong>publicum</strong></span> <span class='ocrx_word' id='word_1_729' title='bbox 307 5286 518 5341; x_wconf 89' lang='lat' dir='ltr'><strong>instrumentum</strong></span> <span class='ocrx_word' id='word_1_730' title='bbox 545 5293 659 5355; x_wconf 87' lang='lat' dir='ltr'><strong>apparet</strong></span> <span class='ocrx_word' id='word_1_731' title='bbox 677 5287 749 5356; x_wconf 87' lang='lat' dir='ltr'><strong>qrrod</strong></span> <span class='ocrx_word' id='word_1_732' title='bbox 769 5285 889 5344; x_wconf 85' lang='lat' dir='ltr'><strong>Juartncs</strong></span> <span class='ocrx_word' id='word_1_733' title='bbox 910 5287 944 5343; x_wconf 92' lang='lat' dir='ltr'><strong>de</strong></span> <span class='ocrx_word' id='word_1_734' title='bbox 994 5286 1107 5344; x_wconf 82' lang='lat' dir='ltr'><strong>loannis</strong></span> <span class='ocrx_word' id='word_1_735' title='bbox 1124 5286 1231 5344; x_wconf 75' lang='lat' dir='ltr'><strong>Sanctae</strong></span> <span class='ocrx_word' id='word_1_736' title='bbox 1245 5288 1337 5344; x_wconf 84' lang='lat' dir='ltr'><strong>llariae</strong></span> <span class='ocrx_word' id='word_1_737' title='bbox 1355 5288 1446 5344; x_wconf 84' lang='lat' dir='ltr'><strong>inilia</strong></span> <span class='ocrx_word' id='word_1_738' title='bbox 1462 5288 1546 5358; x_wconf 85' lang='lat' dir='ltr'><strong>Lata,</strong></span> <span class='ocrx_word' id='word_1_739' title='bbox 1565 5291 1666 5364; x_wconf 78' lang='lat' dir='ltr'><strong>Pelagii</strong></span> <span class='ocrx_word' id='word_1_740' title='bbox 1678 5295 1786 5354; x_wconf 75' lang='lat' dir='ltr'><strong>Sanctae</strong></span> 
     </span>
     <span class='ocr_line' id='line_1_68' title="bbox 147 5374 1784 5453; baseline 0.023 -21"><span class='ocrx_word' id='word_1_741' title='bbox 147 5376 257 5433; x_wconf 83' lang='lat' dir='ltr'><strong>Sancto</strong></span> <span class='ocrx_word' id='word_1_742' title='bbox 280 5374 427 5432; x_wconf 82' lang='lat' dir='ltr'><strong>Laurentio</strong></span> <span class='ocrx_word' id='word_1_743' title='bbox 448 5385 628 5432; x_wconf 76' lang='lat' dir='ltr'><strong>sacrosanctae</strong></span> <span class='ocrx_word' id='word_1_744' title='bbox 656 5377 783 5434; x_wconf 74' lang='lat' dir='ltr'><strong>Romanae</strong></span> <span class='ocrx_word' id='word_1_745' title='bbox 814 5379 943 5445; x_wconf 75' lang='lat' dir='ltr'><strong>Ecclesia</strong></span> <span class='ocrx_word' id='word_1_746' title='bbox 995 5378 1085 5435; x_wconf 79' lang='lat' dir='ltr'><strong>luciae</strong></span> <span class='ocrx_word' id='word_1_747' title='bbox 1105 5379 1131 5434; x_wconf 92' lang='lat' dir='ltr'><strong>in</strong></span> <span class='ocrx_word' id='word_1_748' title='bbox 1156 5388 1259 5450; x_wconf 53' lang='lat' dir='ltr'><strong>septem</strong></span> <span class='ocrx_word' id='word_1_749' title='bbox 1287 5378 1365 5434; x_wconf 60' lang='lat'><strong>⁵⁰¹³¹⁵</strong></span> <span class='ocrx_word' id='word_1_750' title='bbox 1386 5377 1565 5438; x_wconf 56' lang='lat' dir='ltr'><strong>⁶5³⁰⁰¹¹⁰f¹¹¹¹¹</strong></span> <span class='ocrx_word' id='word_1_751' title='bbox 1593 5386 1784 5453; x_wconf 56' lang='lat' dir='ltr'>ffl&#39;dmffiu&#39;n·</span> 
     </span>
     <span class='ocr_line' id='line_1_69' title="bbox 146 5467 1786 5543; baseline 0.02 -20"><span class='ocrx_word' id='word_1_752' title='bbox 146 5467 314 5524; x_wconf 87' lang='lat' dir='ltr'><strong>scriniarius</strong></span> <span class='ocrx_word' id='word_1_753' title='bbox 327 5469 361 5524; x_wconf 86' lang='lat' dir='ltr'><strong>de</strong></span> <span class='ocrx_word' id='word_1_754' title='bbox 374 5479 506 5524; x_wconf 89' lang='lat' dir='ltr'><strong>nostroac</strong></span> <span class='ocrx_word' id='word_1_755' title='bbox 518 5467 633 5522; x_wconf 87' lang='lat' dir='ltr'><strong>iratrnm</strong></span> <span class='ocrx_word' id='word_1_756' title='bbox 643 5478 797 5525; x_wconf 91' lang='lat' dir='ltr'><strong>nostrorum</strong></span> <span class='ocrx_word' id='word_1_757' title='bbox 814 5471 942 5528; x_wconf 89' lang='lat' dir='ltr'><strong>mandato</strong></span> <span class='ocrx_word' id='word_1_758' title='bbox 994 5471 1119 5528; x_wconf 86' lang='lat' dir='ltr'><strong>llainaldi</strong></span> <span class='ocrx_word' id='word_1_759' title='bbox 1131 5470 1231 5532; x_wconf 81' lang='lat' dir='ltr'><strong>domiui</strong></span> <span class='ocrx_word' id='word_1_760' title='bbox 1245 5484 1321 5540; x_wconf 58' lang='lat' dir='ltr'><strong>bille</strong></span> <span class='ocrx_word' id='word_1_761' title='bbox 1334 5470 1462 5543; x_wconf 68' lang='lat' dir='ltr'><strong>³0⁰¹l¹¹¹b</strong></span> <span class='ocrx_word' id='word_1_762' title='bbox 1477 5483 1505 5528; x_wconf 71' lang='lat'><strong>0²</strong></span> <span class='ocrx_word' id='word_1_763' title='bbox 1517 5474 1649 5534; x_wconf 66' lang='lat' dir='ltr'><strong>¹³¹5⁰⁰f¹¹¹¹¹</strong></span> <span class='ocrx_word' id='word_1_764' title='bbox 1665 5480 1786 5537; x_wconf 56' lang='lat' dir='ltr'><strong>subilli·</strong></span> 
     </span>
     <span class='ocr_line' id='line_1_70' title="bbox 148 5560 1786 5637; baseline 0.021 -38"><span class='ocrx_word' id='word_1_765' title='bbox 148 5561 329 5632; x_wconf 58' lang='grc' dir='ltr'>ωΜ-ῑρςῑι,</span> <span class='ocrx_word' id='word_1_766' title='bbox 357 5560 424 5629; x_wconf 68' lang='lat' dir='ltr'><strong>ertn</strong></span> <span class='ocrx_word' id='word_1_767' title='bbox 450 5575 515 5618; x_wconf 77' lang='lat' dir='ltr'><strong>vero</strong></span> <span class='ocrx_word' id='word_1_768' title='bbox 540 5569 579 5628; x_wconf 92' lang='lat' dir='ltr'><strong>to,</strong></span> <span class='ocrx_word' id='word_1_769' title='bbox 606 5561 650 5632; x_wconf 80' lang='lat' dir='ltr'><strong>utri</strong></span> <span class='ocrx_word' id='word_1_770' title='bbox 680 5577 826 5632; x_wconf 87' lang='lat' dir='ltr'><strong>germanus</strong></span> <span class='ocrx_word' id='word_1_771' title='bbox 851 5575 944 5622; x_wconf 84' lang='lat' dir='ltr'><strong>nostor</strong></span> <span class='ocrx_word' id='word_1_772' title='bbox 994 5573 1112 5634; x_wconf 90' lang='lat' dir='ltr'><strong>ptororn.</strong></span> <span class='ocrx_word' id='word_1_773' title='bbox 1129 5562 1181 5618; x_wconf 82' lang='lat' dir='ltr'><strong>Pro</strong></span> <span class='ocrx_word' id='word_1_774' title='bbox 1193 5560 1259 5618; x_wconf 85' lang='lat' dir='ltr'><strong>Polo</strong></span> <span class='ocrx_word' id='word_1_775' title='bbox 1279 5572 1307 5617; x_wconf 90' lang='lat' dir='ltr'><strong>ct</strong></span> <span class='ocrx_word' id='word_1_776' title='bbox 1322 5563 1374 5617; x_wconf 87' lang='lat' dir='ltr'><strong>aliu</strong></span> <span class='ocrx_word' id='word_1_777' title='bbox 1389 5572 1463 5620; x_wconf 90' lang='lat' dir='ltr'><strong>terra</strong></span> <span class='ocrx_word' id='word_1_778' title='bbox 1487 5569 1786 5637; x_wconf 78' lang='lat' dir='ltr'><strong>qtraolimluitdrldo·</strong></span> 
     </span>
     <span class='ocr_line' id='line_1_71' title="bbox 147 5653 1786 5734; baseline 0.009 -27"><span class='ocrx_word' id='word_1_779' title='bbox 147 5653 269 5724; x_wconf 79' lang='lat' dir='ltr'><strong>cristis,</strong></span> <span class='ocrx_word' id='word_1_780' title='bbox 296 5653 367 5726; x_wconf 90' lang='lat' dir='ltr'><strong>apud</strong></span> <span class='ocrx_word' id='word_1_781' title='bbox 391 5653 603 5709; x_wconf 87' lang='lat' dir='ltr'><strong>Lateranenscru</strong></span> <span class='ocrx_word' id='word_1_782' title='bbox 626 5653 797 5722; x_wconf 88' lang='lat' dir='ltr'><strong>Ecclesiam,</strong></span> <span class='ocrx_word' id='word_1_783' title='bbox 820 5657 862 5714; x_wconf 91' lang='lat' dir='ltr'><strong>cui</strong></span> <span class='ocrx_word' id='word_1_784' title='bbox 892 5673 942 5714; x_wconf 87' lang='lat' dir='ltr'><strong>nos</strong></span> <span class='ocrx_word' id='word_1_785' title='bbox 996 5659 1037 5714; x_wconf 85' lang='lat' dir='ltr'><strong>nis</strong></span> <span class='ocrx_word' id='word_1_786' title='bbox 1052 5655 1173 5724; x_wconf 79' lang='lat' dir='ltr'><strong>aetolo,</strong></span> <span class='ocrx_word' id='word_1_787' title='bbox 1190 5668 1272 5726; x_wconf 75' lang='lat' dir='ltr'><strong>uttam</strong></span> <span class='ocrx_word' id='word_1_788' title='bbox 1287 5655 1344 5725; x_wconf 87' lang='lat' dir='ltr'><strong>ipsc</strong></span> <span class='ocrx_word' id='word_1_789' title='bbox 1358 5664 1442 5726; x_wconf 84' lang='lat' dir='ltr'><strong>tenet,</strong></span> <span class='ocrx_word' id='word_1_790' title='bbox 1456 5673 1489 5715; x_wconf 91' lang='lat' dir='ltr'><strong>eo</strong></span> <span class='ocrx_word' id='word_1_791' title='bbox 1513 5660 1590 5719; x_wconf 84' lang='lat' dir='ltr'><strong>saluo</strong></span> <span class='ocrx_word' id='word_1_792' title='bbox 1602 5664 1674 5734; x_wconf 85' lang='lat' dir='ltr'><strong>quod</strong></span> <span class='ocrx_word' id='word_1_793' title='bbox 1697 5665 1721 5720; x_wconf 91' lang='lat' dir='ltr'><strong>si</strong></span> <span class='ocrx_word' id='word_1_794' title='bbox 1735 5662 1786 5722; x_wconf 89' lang='lat' dir='ltr'><strong>ali·</strong></span> 
     </span>
    </p>
   </div>
   <div class='ocr_carea' id='block_1_5' title="bbox 0 0 2060 6325">
    <p class='ocr_par' dir='ltr' id='par_1_5' title="bbox 0 0 2060 6325">
     <span class='ocr_line' id='line_1_72' title="bbox 0 0 2060 6325; baseline 0 0"><span class='ocrx_word' id='word_1_795' title='bbox 0 0 2060 6325; x_wconf 95' lang='lat' dir='ltr'><strong> </strong></span> 
     </span>
    </p>
   </div>
  </div>
 </body>
</html>
