4109 6325
154 340 208 401 {25

620 336 873 397 ronrlstcartls
891 336 985 395 uduo
1004 336 1064 407 xli,
1083 336 1222 395 CHRISTI
1239 339 1319 396 laos.

1736 337 1789 395 lbb

151 465 185 521 ad
203 456 406 518 observandum
421 470 590 528 quacunque
614 458 687 513 volui
714 457 861 529 precipere
887 466 943 513 tam
956 462 982 523 Α
996 456 1044 513 vit.
1072 460 1245 522 belhasem
1272 473 1306 514 eo
1329 458 1402 529 qtied
1417 456 1540 513 Romana
1564 452 1686 509 Ecclesia
1715 459 1790 511 leuet

150 570 228 614 stratu
253 567 337 623 qnam
350 549 495 605 multorum
515 549 694 605 commilitum
716 554 826 604 suorum
839 549 944 619 jttrato-

150 649 219 703 riam
230 645 297 699 niibl
309 652 336 698 et
351 642 464 709 insuper
479 641 561 696 trium
577 650 729 696 castrorum
744 640 943 709 pignorativam

148 737 274 793 callibuit
293 733 543 803 cautionemque
561 743 651 787 castra
665 732 826 803 quibusdam
843 732 944 789 disere·

150 828 186 882 tis
197 826 322 897 personis
336 823 530 879 ecclesiasticis
543 822 652 877 rtouiine
664 829 754 876 vestro
766 823 943 878 custodienda

149 904 381 973 comntisi.'llirca
403 932 467 972 tero
478 916 605 971 comitem
621 913 771 971 Provincias
794 931 827 972 ac
844 925 943 972 terram

150 1008 246 1077 ipsius,
260 1008 432 1079 proconttod
448 1006 475 1059 in
492 1005 612 1060 Siciliam
622 1020 683 1059 cum
695 1020 789 1061 sorore
805 1006 944 1078 proiectus

150 1096 252 1161 luerat,
263 1111 324 1167 quae
335 1095 499 1150 stabilienda
515 1092 622 1149 buerant
636 1096 758 1151 stabilire
770 1097 889 1166 nequivi.
902 1098 942 1154 dd

150 1202 327 1241 communem
359 1196 450 1241 tamen
482 1186 626 1241 utilitatem
657 1196 685 1242 et
714 1188 832 1257 qttietem
861 1190 943 1247 totius

149 1278 302 1335 Provinciae
314 1277 436 1334 multoin
449 1277 563 1347 praelato
573 1277 691 1334 coneilio
703 1286 805 1333 statuta
818 1279 941 1348 luerunt;

149 1378 176 1425 ct
187 1369 334 1440 praedictus
349 1368 513 1423 lloncelinns
526 1369 661 1439 praecipue
675 1376 803 1439 tantpram
819 1378 944 1438 apostata

149 1470 175 1517 et
194 1460 321 1531 perjvvrus
348 1476 409 1516 cum
431 1462 558 1515 ornatibus
573 1459 728 1517 fautoribus
747 1461 804 1517 suis
822 1470 850 1516 ct
867 1476 944 1517 corn-

148 1551 266 1621 plicibus
280 1551 332 1606 luit
347 1552 509 1607 trotarinatim
532 1552 716 1608 anathematis
740 1554 850 1609 vinculo
866 1555 944 1611 inno-

150 1642 245 1705 datus,
261 1650 375 1713 totaque
393 1642 489 1697 civitas
513 1640 691 1697 Massiliensis
709 1653 734 1697 et
760 1650 834 1697 terra
859 1644 945 1713 ipsius

149 1732 335 1789 ecclesiastico
350 1733 550 1788 districtissime
566 1735 712 1791 interdicto
726 1735 857 1803 sttbjeeta.
870 1736 944 1793 Prae·

995 556 1085 603 castra
1099 548 1232 602 ullatenus
1247 550 1305 616 lpse
1328 563 1381 603 non
1409 547 1531 608 laeditttr·;
1548 545 1603 599 into
1623 559 1672 614 per
1695 544 1790 597 boeot

995 639 1142 697 hisdiebus
1160 650 1311 695 extremum
1324 640 1409 694 evasit
1421 637 1593 707 supplicium,
1602 645 1629 689 et
1642 636 1733 690 illaesa·
1746 649 1791 689 re-

995 732 1095 785 mansit
1107 731 1159 785 alia
1176 738 1248 784 terra
1263 744 1321 783 stra.
1330 731 1427 785 Comes
1440 745 1548 799 utroque
1561 726 1789 782 fulcalcariensis

994 821 1127 890 multique
1145 820 1189 874 atii
1214 817 1331 872 barones
1355 829 1383 871 et
1405 817 1519 881 nobiles,
1534 818 1581 886 qui
1607 816 1673 870 vrribi
1703 816 1811 869 rrvttlta·

994 923 1084 969 eastra
1102 912 1283 967 munitissima
1302 911 1491 970 reddiderunt.
1507 926 1560 963 aron
1582 910 1668 963 solutu
1685 925 1716 961 ca
1734 926 1786 963 uon

994 1015 1131 1075 repetunt,
1144 1008 1192 1060 scd
1207 1002 1324 1059 oberrant
1344 1003 1396 1055 alia
1413 1002 1596 1064 incessanter,
1613 1002 1741 1069 querulam
1761 1000 1787 1052 id

995 1096 1182 1167 tranquillitati
1211 1096 1360 1151 Provinciae
1380 1090 1523 1147 admodum
1536 1092 1665 1159 expedire
1683 1106 1784 1159 cinglio·

994 1199 1084 1245 scunt.
1099 1188 1127 1244 Si
1137 1198 1239 1254 autem,
1252 1188 1325 1258 tptod
1337 1186 1409 1241 bens
1422 1193 1540 1246 avertat,
1555 1184 1624 1236 idern
1634 1183 1786 1236 Tolosanns

993 1296 1086 1337 comes
1098 1283 1157 1336 sine
1175 1281 1227 1335 alia
1249 1278 1436 1334 satisfactione
1450 1277 1652 1343 rccnpcraverit
1663 1289 1710 1325 sna
1724 1290 1785 1327 cas·

994 1380 1047 1437 tra,
1061 1371 1194 1441 quidquid
1213 1368 1314 1423 lactum
1343 1379 1387 1422 est
1411 1376 1505 1420 cotnra
1527 1365 1670 1419 ivureticos
1693 1372 1720 1415 et
1738 1378 1786 1432 pro

993 1478 1061 1534 pace
1088 1478 1121 1518 ac
1144 1462 1236 1532 qtticte
1264 1460 1414 1515 Provinciae
1437 1456 1598 1519 stabilimur,
1615 1468 1727 1524 prorsus
1753 1454 1787 1505 ad

995 1554 1109 1610 nibilum
1127 1553 1274 1623 redigetur,
1286 1560 1313 1604 ct
1339 1550 1436 1603 melius
1449 1557 1521 1604 esset
1541 1546 1607 1601 nibil
1630 1545 1786 1598 incltoannn

995 1646 1079 1701 inisse
1089 1661 1169 1715 utram
1183 1644 1336 1713 relinquere
1346 1641 1437 1697 taliter
1453 1641 1589 1695 inchoata.
1606 1639 1706 1692 Pareat
1719 1636 1786 1690 vtiibi

994 1747 1086 1795 restra
1100 1738 1265 1809 benignitas,
1278 1745 1371 1790 sancte
1381 1734 1501 1800 Pater,si
1517 1729 1788 1803 pnrliuiusvelallter

154 1825 206 1880 lati
224 1840 334 1895 quoque
357 1824 460 1880 domiui
475 1825 665 1883 cisterciensis
690 1828 798 1883 abbatis
813 1828 862 1888 [nit
877 1846 943 1886 con·
957 1802 979 1857 B
993 1845 1076 1897 uuam
1095 1830 1234 1885 debuerim
1258 1828 1351 1882 forsan
1367 1827 1474 1896 scripsi.
1490 1823 1603 1878 Naviter
1621 1820 1786 1875 abnndantia

150 1917 245 1974 silium
267 1928 295 1973 et
319 1920 438 1973 voluntas
452 1924 481 1971 ut
497 1916 611 1972 iterrnam
630 1918 777 1989 juramenti
793 1920 941 1989 ltaronnm,
993 1923 1085 1979 cordis
1098 1936 1129 1977 os
1145 1920 1280 1992 loquitur3
1293 1930 1321 1974 et
1340 1919 1428 1974 zelum
1444 1918 1544 1972 bontrm
1563 1916 1661 1976 babeo,
1673 1912 1718 1981 qtti
1735 1912 1787 1964 vtti-

151 2010 308 2077 civitatum,
323 2012 487 2079 aliorumque
501 2009 635 2075 locorum,
649 2011 720 2066 sicut
734 2012 761 2066 in
775 2012 944 2068 authenticis
993 2030 1056 2069 natu
1065 2013 1178 2069 seientia
1190 2013 1225 2068 sit
1236 2011 1375 2067 conditus!
1389 2008 1465 2065 Licet
1475 2008 1550 2063 enlm
1560 2016 1614 2060 tam
1627 2020 1717 2060 conates
1731 2003 1788 2073 ipso

149 2116 213 2172 qnae
239 2117 324 2172 penes
348 2116 391 2158 ore
415 2101 505 2157 babeo
529 2104 695 2168 continetur,
721 2104 798 2159 vobis
820 2105 942 2161 seriatim
993 2120 1074 2174 qrram
1089 2102 1336 2174 praelatusnobilis,
1351 2100 1427 2167 ctrjns
1452 2102 1519 2154 aileo
1533 2098 1711 2153 nrtvvtitionenr
1740 2095 1788 2149 de·

149 2194 378 2258 transmitterem,
399 2196 562 2264 ponendam,
576 2195 598 2249 si
611 2204 710 2249 vestrae
721 2196 857 2251 sanctitati
871 2197 945 2252 vide-
993 2197 1082 2251 struxi
1092 2198 1164 2267 quod
1178 2210 1228 2264 pro
1238 2204 1347 2249 centum
1360 2190 1478 2245 millibus
1488 2191 1636 2245 solitlnrum
1646 2189 1673 2242 in
1685 2198 1787 2243 statum

148 2284 584 2357 bitania{legastisonaeiornta
600 2288 634 2342 ab
647 2286 826 2358 originalibus
834 2297 943 2361 sumpta
993 2285 1138 2357 pristinum
1154 2283 1274 2354 reparavi
1288 2297 1342 2336 non
1354 2291 1456 2350 posset,
1467 2281 1574 2335 occulte
1591 2279 1658 2333 trtibi
1673 2278 1787 2334 evitium

149 2384 179 2430 et
189 2374 335 2447 diligenter
345 2387 470 2431 correcta
485 2376 512 2430 in
522 2386 654 2446 quaterno
663 2377 817 2447 meosigillo
826 2378 942 2449 signato,
994 2378 1178 2441 machinetur,
1192 2376 1265 2430 sient
1276 2375 1422 2429 ascitorum
1434 2382 1508 2427 certa
1521 2373 1652 2427 relatione
1660 2370 1787 2441 cognovi,

149 2480 231 2535 quem
255 2466 345 2523 attulit
368 2466 438 2523 lator
459 2466 642 2538 presentium,
655 2467 761 2537 plenius
777 2471 942 2525 continetur.
994 2470 1063 2525 nihil
1080 2483 1124 2523 mc
1141 2476 1232 2523 marten
1248 2466 1282 2521 ab
1296 2482 1328 2521 eo
1340 2466 1412 2536 qarotl
1431 2466 1501 2535 coepi
1520 2464 1619 2533 poterit
1646 2477 1786 2525 revocare,

149 2558 218 2626 Quia
231 2559 325 2629 igitur,
340 2569 435 2615 sancte
446 2558 535 2625 Pater,
543 2560 576 2615 ad
589 2560 641 2615 boc
654 2576 696 2615 res
709 2574 757 2629 per
768 2562 813 2616 bei
827 2562 942 2633 gratiam
994 2560 1119 2631 ouatnvis
1133 2566 1247 2628 alterque
1260 2567 1375 2611 mortem
1398 2555 1480 2609 luerit
1508 2554 1678 2609 rrracbinatus
1695 2552 1786 2621 legati.

147 2654 203 2724 jam
219 2652 329 2709 devenit
349 2661 380 2706 ut
395 2651 422 2705 in
448 2660 502 2709 tota
521 2650 663 2707 Provincia
677 2652 711 2706 sit
727 2668 830 2707 summa
847 2668 897 2723 part
916 2662 944 2709 et
994 2652 1062 2706 Nam
1078 2662 1104 2705 et
1119 2653 1339 2714 conres'sernper
1363 2654 1456 2714 postea
1481 2643 1684 2699 interfectorem
1704 2640 1789 2709 ipsius

150 2742 338 2814 tranquillitas
359 2741 685 2809 relormata,dumtnodo
713 2741 791 2797 facile
815 2758 867 2798 non
889 2744 944 2799 sol·
995 2742 1155 2798 larrvlliarem
1182 2738 1276 2822 lrabtrit
1303 2746 1331 2791 ct
1362 2737 1498 2800 amicum,
1520 2751 1582 2790 cum
1608 2742 1681 2789 essct
1707 2742 1788 2785 antea

148 2844 249 2890 vantur
263 2850 324 2905 qttae
339 2835 423 2889 multa
442 2843 506 2889 sunt
527 2834 721 2891 deliberatione
735 2843 848 2901 statuta,
862 2836 944 2889 beati·
995 2834 1134 2897 inimicus,
1158 2840 1187 2887 et
1198 2830 1351 2888 Willelnvus
1367 2826 1509 2884 Porcelleti
1528 2841 1686 2899 gerntavtutn
1701 2826 1787 2878 inter·

151 2928 273 2981 tudinem
288 2936 408 2983 vestram
427 2928 521 2982 latvmili
536 2928 733 2999 supplicatione
743 2930 859 2999 deposco
874 2944 942 2999 qua·
995 2926 1106 2983 lectoris
1116 2914 1785 2994 ejusdemposteasemperlrabnitcomnsensalem.

148 3026 231 3075 tentas
252 3020 275 3075 si
288 3018 415 3084 lorsitan,
429 3020 498 3074 sicut
510 3035 525 3073 a
539 3019 630 3077 mttllis
640 3021 774 3088 creditur,
792 3020 944 3079 dolosanus

148 3125 255 3177 comes,
271 3112 345 3182 pacis
370 3118 397 3166 et
421 3110 532 3179 iustitiae
560 3109 696 3177 inimicus,
722 3112 755 3168 ad
772 3114 942 3183 presentiam

148 3209 270 3256 vestram
280 3201 429 3256 accesserit
440 3215 489 3271 pro
497 3203 689 3272 recttperandis
700 3203 798 3260 castris
810 3219 868 3272 quae
878 3204 945 3259 nvibi

149 3301 245 3348 vestro
256 3293 368 3349 nomine
381 3293 541 3364 assignavit,
555 3295 626 3363 qttod
638 3309 667 3349 se
674 3293 763 3365 irrotat
774 3309 854 3364 posse
867 3295 946 3350 lavile

149 3386 291 3449 obtinere,
309 3400 362 3440 non
378 3400 428 3441 vos
443 3395 548 3441 nvoteat
571 3387 629 3456 ejus
649 3386 740 3456 lingua
754 3387 820 3442 solis
836 3387 946 3442 menda·

147 3477 204 3532 ciis
216 3485 243 3532 et
257 3477 427 3533 contumeliis
440 3480 563 3545 erudita;
576 3480 634 3545 sed,
647 3479 718 3534 siout
732 3479 842 3543 meruit,
856 3479 889 3534 de
902 3479 946 3535 die

147 3569 177 3624 in
194 3570 268 3624 diem
283 3584 376 3626 manus
389 3570 514 3627 Ecclesiae
527 3573 627 3627 sentiat
637 3571 786 3640 graviores.
795 3571 861 3626 Cutn
872 3571 944 3626 enim

148 3675 238 3730 strper
250 3661 404 3728 quivideeim
418 3662 452 3718 ad
466 3661 555 3717 mitius
570 3662 698 3731 capitulis
713 3671 810 3731 practer
821 3661 888 3715 alias
902 3662 946 3731 in-

149 3749 286 3804 retoriarn
302 3749 336 3804 ab
352 3765 384 3806 eo
400 3751 548 3820 receperim
562 3751 728 3818 cavationem,
742 3750 799 3806 lere
814 3751 840 3806 in
858 3752 946 3807 omni·

149 3840 205 3894 bus
220 3839 443 3894 manifestissime
466 3839 607 3908 dejeravit,
627 3841 654 3896 in
671 3841 713 3896 bis
736 3843 872 3912 praecipue
886 3858 946 3913 qnae

149 3931 176 3986 in
191 3931 255 3986 aliis
266 3930 367 3986 litteris
378 3933 553 3987 continentur
562 3931 642 3988 lactis
656 3933 710 4004 (78)
723 3936 832 3991 nomine
843 3935 945 3991 domini

149 4022 287 4090 bagensis
298 4030 326 4077 et
341 4037 411 4079 meo.
424 4021 526 4079 vadea
540 4023 601 4092 jaare
614 4027 684 4095 quod
702 4025 784 4081 babet
796 4026 822 4080 in
838 4006 946 4082 civitate

148 4109 275 4184 blelgorii
292 4112 392 4167 cecidit
417 4113 614 4178 manifestem
635 4128 738 4187 septem
764 4118 946 4173 nruuitissima

149 4213 245 4260 castra
262 4217 323 4274 quac
346 4204 380 4260 de
408 4219 464 4260 suis
478 4204 565 4260 babeo
579 4206 605 4260 in
626 4207 802 4262 cortvrnissum
818 4207 947 4264 llonranae

150 4295 282 4352 Ecclesiae
295 4295 462 4353 ceciderunt.
479 4296 681 4354 dvenioncnses
696 4307 815 4370 utroque,
829 4297 948 4354 Nemau-

149 4401 247 4444 senses
264 4389 293 4443 'et
315 4387 441 4445 homines
465 4388 557 4445 Sancti
578 4389 688 4460 AEgidii,
709 4391 780 4448 sicut
807 4393 833 4448 in
861 4395 946 4449 forma

1234 3010 1313 3067 bill.
1330 3024 1433 3065 noveno
1448 3022 1531 3063 vanu.

1174 3104 1341 3177 Supersede
1356 3104 1459 3157 consina
1475 3099 1609 3154 Tolumni.

1032 3199 1211 3256 sanctissimo
1221 3197 1295 3251 Patri
1307 3210 1339 3250 ao
1353 3194 1463 3249 domino
1473 3191 1631 3247 innocentio
1641 3187 1687 3244 oei
1700 3186 1787 3258 gratia

996 3308 1104 3348 summo
1118 3290 1241 3362 pontiflci
1265 3288 1342 3359 lingo
1366 3285 1499 3356 {tegemus
1513 3284 1666 3352 episcopus,
1682 3291 1709 3333 ct
1726 3279 1787 3333 bilo

996 3386 1106 3444 ltutnilis
1128 3399 1224 3441 secutas
1238 3378 1502 3453 ejtrs,voluntarium
1528 3375 1626 3430 debitae
1649 3371 1788 3426 servitutis

995 3479 1167 3550 obsequium.
1185 3475 1251 3531 Com
1270 3489 1356 3545 nuper
1380 3471 1451 3541 apud
1466 3468 1603 3523 civitatens
1616 3463 1788 3520 suessionen·

996 3587 1054 3629 sem
1075 3578 1208 3642 prostant
1225 3565 1375 3622 Provinciae
1390 3579 1451 3617 curu
1469 3561 1561 3614 multis
1577 3552 1788 3622 archiepiscopis

996 3673 1024 3720 et
1036 3661 1172 3732 episcopis
1185 3667 1213 3714 et
1226 3659 1287 3714 aliis
1297 3655 1481 3712 Ecclesiarum
1491 3648 1609 3720 praelatis
1624 3659 1745 3700 essemus
1761 3644 1786 3696 in

996 3752 1112 3810 concilio
1126 3751 1295 3820 congregati,
1307 3747 1339 3800 tle
1352 3744 1509 3800 concilicet
1521 3754 1633 3792 assensu
1648 3733 1786 3788 reverendi

995 3844 1086 3900 Patris
1110 3843 1216 3897 abbatis
1243 3836 1434 3895 cisterciensis
1454 3843 1482 3888 et
1507 3831 1578 3885 sacri
1594 3826 1788 3897 approbatione

997 3933 1107 3990 concilii
1133 3931 1261 3987 comitem
1290 3927 1456 3983 Tolosanum
1478 3919 1659 3975 anatheniatis
1680 3918 1788 3968 viriculn

996 4023 1188 4080 innodavimus
1210 4029 1248 4076 et.
1266 4029 1350 4074 totam
1380 4015 1465 4084 ipsius
1489 4021 1588 4068 terram
1604 4005 1789 4064 ecclesiastico

997 4117 1192 4188 supposuimus
1210 4112 1355 4167 interdicto
1378 4123 1426 4178 pro
1450 4121 1482 4160 eo
1507 4103 1580 4174 qtvod
1598 4101 1667 4154 idern
1698 4111 1789 4150 cornea

996 4206 1165 4265 uctrerabilcs
1176 4203 1271 4258 Patres
1278 4202 1551 4270 Carpentoratcnsent
1561 4202 1589 4246 et
1596 4189 1789 4244 vasionensem

998 4301 1141 4371 episcopos
1153 4313 1215 4353 enm
1228 4296 1285 4352 suis
1297 4292 1407 4348 clericis
1420 4306 1472 4344 non
1488 4284 1608 4342 restituit
1623 4280 1702 4351 pleno
1715 4279 1788 4348 jure,

998 4394 1070 4450 sicut
1083 4405 1135 4462 ego
1150 4389 1212 4444 blilo
1225 4389 1250 4444 ei
1261 4397 1443 4458 praeceperam
1460 4381 1511 4435 sub
1532 4374 1662 4442 religione
1676 4366 1788 4439 praestiti

148 4477 300 4550 juramenti
322 4479 394 4547 quod
424 4479 489 4536 nribi
517 4490 608 4536 vestro
631 4481 740 4537 nomine
762 4483 1144 4558 praeslitettrntnjuramenti
1162 4492 1188 4537 et
1205 4495 1285 4550 pinara
1314 4479 1341 4532 in
1365 4477 1423 4545 ipso
1440 4475 1597 4544 jttratnento
1612 4465 1726 4530 adjecta,
1740 4472 1791 4528 pro

151 4570 261 4639 plenius
274 4571 442 4637 continetur,
454 4571 487 4626 de
501 4573 574 4629 amni
583 4571 645 4640 jure
663 4574 734 4642 qttod
749 4575 775 4628 in
792 4575 948 4633 civitatibus

150 4661 301 4717 illisbabet
319 4663 469 4718 hominium
487 4663 616 4720 llomanae
636 4665 766 4721 Ecclesiae
778 4667 864 4734 parati
886 4677 949 4723 sunt

150 4751 296 4810 exhibere.
311 4751 426 4818 Vernrn,
441 4753 511 4809 sieut
531 4757 557 4809 in
572 4753 691 4824 prraelatis
705 4757 821 4813 habetur
837 4757 948 4824 litteris,

152 4843 246 4898 adlice
261 4842 393 4911 usquead
409 4845 561 4912 proximum
575 4843 674 4900 lestunt
688 4846 815 4903 Omnium
834 4845 949 4904 Sancto·

151 4950 215 4988 rum
231 4934 454 5005 exspectatricem
471 4935 496 4990 in
510 4938 597 5004 quasi
609 4951 662 4992 uon
674 4940 780 4994 venerit
794 4941 949 4996 satisfactu-

152 5041 203 5080 rus
225 5027 258 5080 de
287 5026 426 5091 omnibns,
451 5035 545 5082 contra
574 5027 662 5098 ipsum
690 5037 743 5083 tam
773 5030 949 5099 spiritualiter

153 5133 236 5186 quiam
250 5119 436 5187 temporaliter
446 5121 616 5189 procedetur.
631 5122 725 5176 Castra
739 5121 874 5190 sitpddetn
888 5136 949 5192 qnae

154 5209 189 5262 de
207 5210 265 5264 suis
280 5211 368 5265 babeo
393 5211 458 5266 adeo
483 5219 546 5266 sunt
571 5212 688 5268 artiilcio
718 5223 745 5268 et
772 5223 869 5268 natura
897 5214 947 5270 loci

155 5301 260 5356 nttttrita
277 5315 307 5356 ut
323 5319 386 5358 curn
398 5305 500 5360 atvsilio
516 5307 668 5372 civitatum,
687 5305 809 5362 locorum
826 5308 909 5362 etiam
923 5318 951 5364 et

156 5393 305 5458 baronum,
324 5396 370 5466 qtti
394 5397 522 5454 Ecclesiae
547 5399 630 5455 ntulta
654 5408 718 5455 sunt
742 5400 886 5456 devotione
915 5416 949 5456 ae

151 5484 309 5554 juratvtento
323 5489 439 5552 astricti,
451 5489 608 5546 facillimum
622 5492 755 5561 sitipsum
766 5490 949 5548 exterminare

156 5577 192 5631 de
207 5589 277 5634 terra
293 5595 375 5650 quam
394 5595 442 5636 sua
468 5583 521 5640 rita
538 5583 691 5655 turpissima
708 5583 810 5642 diutius
832 5582 950 5641 oracula·

196 5762 251 5828 ds)
272 5761 340 5820 vide
351 5765 431 5836 epist.

998 4593 1031 4634 co
1046 4575 1127 4631 etiam
1149 4572 1220 4643 qtrotl
1240 4569 1382 4625 baereticos
1405 4575 1433 4619 et
1446 4563 1587 4619 credentes
1605 4558 1639 4610 de
1655 4565 1725 4608 terra
1741 4565 1789 4602 sua

999 4683 1052 4723 uon
1066 4665 1182 4737 expulit,
1196 4676 1247 4717 nec
1259 4675 1307 4717 eos
1320 4659 1354 4712 ad
1374 4655 1516 4710 arbitrium
1533 4648 1644 4704 tradidit
1670 4644 1790 4710 signato-

998 4772 1071 4825 rum,
1086 4755 1216 4812 Eccleslis
1234 4764 1342 4822 utroque
1355 4757 1383 4801 et
1400 4741 1533 4815 religiosis
1548 4737 1673 4794 tinnitibus
1687 4749 1719 4786 ac
1730 4747 1790 4800 pcr-
1856 4749 1860 4754 ·

999 4850 1075 4908 sonis
1093 4843 1293 4904 artiserabilibns
1314 4840 1460 4909 justitiam,
1483 4835 1553 4888 sicut
1580 4831 1602 4885 ei
1626 4833 1788 4897 praeceptum

999 4940 1101 5003 ittetat,
1117 4954 1169 4992 non
1186 4935 1323 4997 erltibnit,
1341 4947 1391 4987 nec
1407 4931 1441 4984 atl
1465 4922 1680 4995 respondendnm
1706 4917 1739 4970 dc
1761 4932 1789 4966 se

999 5029 1232 5100 conqtterentibus
1258 5027 1364 5096 aliquos
1392 5019 1533 5078 coristitnlt
1556 5010 1735 5081 responsales,
1751 5008 1786 5058 si-

1001 5124 1102 5182 militer
1114 5121 1299 5178 incastellatas
1309 5117 1441 5173 ccclesias
1451 5112 1485 5166 ad
1500 5111 1717 5163 dioecesanornnt
1733 5099 1786 5164 epi-

1000 5230 1142 5284 scoporum
1162 5212 1305 5268 arbitrium
1331 5223 1384 5263 non
1410 5201 1555 5261 destrttvit,
1569 5208 1596 5251 et
1610 5195 1721 5266 pedagia
1742 5205 1788 5243 scu

1000 5307 1157 5363 exactiones
1173 5304 1307 5360 indebitas
1323 5315 1375 5354 non
1397 5295 1509 5350 dimisit.
1527 5292 1601 5344 barac
1618 5298 1708 5342 autent
1728 5301 1789 5339 scu·

1001 5401 1112 5454 tentiam
1129 5399 1165 5452 ita
1181 5397 1307 5451 duximus
1333 5387 1539 5448 moderandam,
1554 5383 1626 5453 ‹ptod
1653 5379 1675 5435 si
1698 5392 1789 5433 corales

1001 5489 1059 5560 lpse
1068 5502 1152 5558 usquc
1167 5485 1362 5556 adproximant
1373 5479 1471 5537 festum
1486 5475 1614 5534 Ovnvvhnn
1626 5474 1789 5527 Sanctorum

1000 5581 1034 5637 ad
1046 5578 1218 5656 presentiam
1231 5585 1352 5634 nostram
1366 5570 1512 5631 accesserit
1522 5578 1551 5627 et
1561 5581 1643 5638 snper
1654 5557 1793 5634 predictis
