4109 6325
240 361 290 419 ist

689 348 884 411 tanocanrtt
903 349 937 409 lli
956 350 1008 408 PP.
1030 347 1267 410 ttsossvotttttt
1284 347 1348 407 tto.
1367 350 1425 408 Xll.

241 496 301 533 mars
312 488 339 535 et
357 476 489 531 iaciemus
501 488 550 543 per
565 478 650 525 toturn
665 468 818 523 districtum
838 468 1030 523 inviolabiliter
1044 470 1068 527 Α
1082 470 1242 536 erraverit,
1258 469 1301 525 rel
1314 478 1408 525 contra
1424 465 1531 537 ipsaroi
1542 466 1651 537 aliquod
1666 467 1774 526 illorum
1787 488 1872 531 rene.

240 548 393 605 otrservari.
409 548 472 600 ltent
488 542 601 611 pedagia
615 554 659 591 scu
673 540 798 609 guidagia
815 539 856 593 vel
872 540 1030 594 exactiones

242 621 346 687 aliquas
360 636 372 669 a
384 613 584 671 transenntilms
598 625 646 679 pcr
661 617 760 664 stratas
775 609 815 664 vel
827 611 908 663 etiarn
920 607 1029 662 linmiua

242 690 394 744 nullatenus
421 684 594 749 accipientes,
623 680 673 733 nisi
700 680 893 748 qttaevclqrtas
918 678 1029 746 avrtiqna

243 776 335 823 recntn
350 756 388 808 rel
405 755 596 818 imperatorum
611 750 786 804 concessione
804 748 957 805 eonstiterit
980 762 1031 801 rtos

243 830 352 882 liuttere.
368 824 432 877 bem
450 822 578 877 ecclesias
592 828 723 873 otttneset
738 822 831 874 ctouios
848 820 987 888 religiosas
1003 818 1030 871 in

243 906 334 951 trcrstro
348 894 470 947 districtu
485 903 537 944 tarn
557 891 583 942 lu
600 890 709 943 civitate
732 905 811 957 qnam
828 900 904 943 extra
921 890 946 941 in
974 888 1031 957 ple-

243 968 316 1019 rmria
340 964 508 1017 servabimus
531 960 666 1022 libertate,
690 960 813 1013 videlieet
837 960 907 1027 qttotl
935 959 969 1013 ab
991 958 1031 1012 eis

242 1037 397 1089 cravctiancs
425 1032 531 1099 alitpras
553 1046 600 1085 sen
616 1031 703 1084 tallias
717 1030 1030 1097 nrdlatenusexiqemes,

243 1103 418 1159 carli-innuis
445 1118 538 1157 earrtm
566 1102 692 1169 episcopo
713 1100 753 1153 vel
774 1098 834 1153 aliis
863 1099 1025 1164 vectoribus,

243 1177 314 1244 ipsas
328 1175 369 1227 rel
385 1176 479 1227 «lortius
489 1186 582 1224 earum
598 1169 672 1223 ttttlle
687 1170 766 1224 mndo
777 1167 964 1236 spoliabimus,
981 1182 1031 1221 nec

242 1245 469 1299 administrationi
500 1256 592 1295 cartnn
607 1252 653 1293 scu
669 1241 799 1293 cnstmlbc
823 1239 966 1293 occasione
982 1237 1031 1290 ali·

242 1314 318 1383 rupe
335 1313 538 1367 crmsuctudinis
551 1310 591 1361 vcl
608 1308 695 1377 aliqua
709 1308 772 1371 alia,
790 1308 840 1362 nid
857 1308 926 1361 lorte
944 1306 1030 1376 rogati

243 1386 419 1453 abepiscopo
446 1383 486 1434 vcl
505 1379 634 1447 capitulo,
661 1396 711 1433 uns
735 1378 957 1443 itnutisecbimus,
983 1376 1031 1432 sed

242 1462 331 1511 oritana
346 1456 404 1507 sine
415 1452 593 1505 diutinmioue
609 1450 698 1517 aliqua
714 1446 904 1503 defunctorum
921 1462 1030 1501 succes·

242 1528 348 1581 soritms
361 1529 541 1583 reserventur,
556 1529 583 1573 ct
613 1519 735 1573 electioni
757 1518 877 1587 episcopi
904 1517 945 1572 vei
964 1518 1032 1571 adte-

1083 539 1118 591 rit
1130 540 1281 603 ntanileste,
1302 542 1326 594 ei
1343 540 1444 593 nulium
1461 538 1604 593 consilinm
1619 539 1661 593 vel
1679 540 1810 599 auxilium
1827 562 1875 603 sen

1083 610 1241 677 obsequium
1252 625 1301 679 per
1314 624 1363 664 uns
1378 610 1419 663 vel
1431 623 1480 678 per
1491 609 1595 664 arnicas
1606 624 1652 664 seu
1678 611 1803 667 bumincs
1826 631 1877 671 eo-

1081 688 1154 732 stros
1165 680 1335 749 atiquatenus
1349 680 1548 748 impendemus,
1574 680 1630 733 imo
1640 695 1782 752 quousque
1798 686 1879 751 priene

1080 751 1213 815 paruerit,
1235 749 1367 804 iacientes
1390 758 1484 803 centra
1502 748 1589 817 ipsum
1616 765 1666 819 pro
1684 766 1767 820 posse
1780 766 1877 812 nostro

1083 818 1214 888 quidquid
1240 819 1362 873 Romana
1388 818 1510 873 Ecclesia
1537 820 1579 872 vel
1594 820 1653 887 ejus
1678 823 1791 876 trnrnins
1816 828 1878 881 sive

1082 886 1186 953 legattts
1211 890 1290 944 uobis
1306 889 1476 943 trtanrlaverit
1504 888 1670 944 sarciendam.
1685 890 1750 946 item
1774 902 1878 951 stratas

1082 958 1202 1025 publicas
1214 974 1326 1014 servaras
1344 959 1513 1012 servabimus
1528 968 1551 1011 et
1578 960 1710 1015 iaciemus
1725 976 1773 1028 per
1789 970 1877 1019 terrim

1082 1037 1205 1082 nostrum
1236 1030 1391 1084 districtum
1419 1028 1611 1085 invielabiliter
1636 1031 1788 1089 observari.
1808 1034 1877 1091 lteut

1082 1098 1195 1167 pedagia
1211 1114 1258 1154 seu
1278 1098 1404 1169 guidagia
1418 1098 1459 1152 vel
1470 1100 1742 1169 exactionesaliquas
1755 1118 1770 1153 a
1785 1111 1879 1159 trans-

1082 1170 1209 1223 cuntibus
1234 1185 1283 1238 pec
1304 1177 1404 1224 stratas
1420 1168 1460 1221 vel
1488 1169 1570 1222 etiarn
1585 1185 1633 1239 per
1654 1168 1764 1225 llnmina
1791 1174 1880 1229 trulla·

1082 1249 1160 1293 tenus
1178 1240 1353 1309 accipiemus,
1368 1239 1492 1305 nisique
1507 1237 1549 1293 vel
1574 1254 1643 1309 quas
1657 1241 1767 1309 antiqua
1783 1258 1878 1313 regum

1082 1307 1124 1363 vel
1143 1308 1336 1379 irriperatorum
1348 1309 1523 1363 concessione
1536 1309 1691 1365 constiterit
1700 1326 1749 1365 tros
1762 1313 1876 1368 battere.

1082 1379 1148 1434 item
1171 1394 1264 1448 pacem
1289 1392 1335 1433 see
1359 1388 1491 1447 treugam,
1503 1381 1575 1434 sicut
1592 1381 1670 1436 nobis
1698 1381 1820 1451 alegate
1834 1382 1878 1438 vel

1082 1450 1181 1503 nordio
1203 1449 1331 1504 ttorrraoae
1350 1448 1480 1503 Ecclesiae
1507 1450 1659 1519 injunctum
1686 1450 1780 1513 irrcrit,
1805 1453 1878 1507 ltoua

1083 1519 1136 1574 ude
1162 1520 1377 1582 observabimus,
1395 1530 1422 1573 et
1450 1518 1581 1575 iaciemus
1605 1529 1714 1576 nostros
1753 1522 1880 1579 tronaines

244 1598 300 1651 rins
315 1596 427 1649 rectoris
443 1590 570 1646 Eraclesire
581 1589 710 1642 iacienda
717 1590 867 1659 pernoscet
882 1602 1033 1659 perquam·
1083 1591 1230 1645 observare
1249 1593 1351 1660 pariter
1363 1596 1391 1643 ct
1401 1588 1504 1656 iurare.
1528 1590 1590 1644 ltem
1618 1592 1760 1646 lancelinus
1774 1605 1879 1647 erere-

242 1682 348 1733 cunquc
369 1664 446 1719 aliam
460 1674 601 1732 personam
621 1674 671 1713 tros
684 1658 837 1713 rtvdlatenos
866 1657 1032 1713 inuniscebi·
1084 1661 1180 1714 dentes
1192 1676 1239 1715 seu
1257 1670 1411 1728 receptores
1423 1671 1451 1715 et
1462 1658 1582 1715 lavatores
1598 1673 1693 1715 eornm
1706 1672 1786 1729 prout
1798 1672 1879 1731 potc-

244 1752 304 1789 mns
318 1752 325 1800 ς
341 1750 389 1789 nec
403 1736 520 1801 aliqmm
539 1730 695 1784 violentiam
708 1729 839 1784 sarciemus
857 1729 898 1785 vei
919 1727 1046 1791 impedi-·
1083 1731 1169 1785 rinms
1198 1744 1404 1799 persequemur,
1423 1744 1517 1785 eorum
1530 1731 1600 1785 bona
1620 1732 1721 1798 ornatis,
1742 1733 1786 1786 ubi
1801 1745 1880 1801 pote·

245 1820 364 1859 rrremom
382 1804 568 1873 prestabinms
596 1814 649 1869 qno
674 1800 762 1855 minus
782 1800 880 1855 electio
901 1797 1032 1852 carronice
1049 1808 1183 1875 petatem
1197 1800 1368 1867 babebimus,
1389 1800 1556 1855 inllseantes.
1575 1800 1609 1853 tlt
1621 1800 1678 1857 troc
1700 1802 1793 1857 omnia
1806 1802 1878 1857 saci.

244 1892 275 1929 ac
289 1877 372 1929 tibere
386 1874 548 1929 celebretur.
566 1870 630 1923 item
643 1883 738 1939 pacem
753 1886 799 1924 seu
813 1879 946 1937 trengam,
963 1867 1034 1921 sicut

244 1947 321 1999 nobis
347 1946 493 2011 irrjrtnctmn
524 1940 617 2003 brevit,
644 1940 713 1993 bona
741 1940 793 1995 lide
818 1938 1034 1994 observabimus.

244 2016 309 2070 bem
325 2017 347 2069 si
376 2016 519 2085 episeopus
543 2009 584 2064 vcl
609 2010 756 2079 capitulum
780 2011 821 2065 vel
837 2010 889 2064 alia
918 2019 1034 2075 persocia

243 2084 427 2140 (ecelesiastica
452 2084 530 2139 uobis
553 2080 658 2149 aliquos
683 2080 825 2135 lncreticos
853 2076 1036 2133 trourinavcrit

245 2156 285 2209 vel
301 2159 454 2214 evertentes,
473 2154 514 2207 vcl
528 2166 575 2223 per
593 2166 642 2203 tros
665 2150 737 2219 ipsos
752 2166 915 2219 ‹togatosccre
930 2146 1035 2215 poteri·

245 2242 305 2280 mus
320 2227 424 2294 aliquos
439 2224 564 2279 tueresim
578 2222 727 2290 praedicare
747 2223 787 2274 vei
803 2220 894 2275 iacere
914 2231 1035 2274 coarten-

245 2296 335 2356 ticula,
352 2296 424 2365 ipsos
438 2306 632 2363 persequemur
644 2291 793 2347 secuudum
812 2291 949 2359 legitimas
973 2301 1036 2341 san-

243 2368 356 2430 ctiones,
381 2380 408 2419 et
434 2378 527 2417 eurum
556 2361 626 2415 botta
648 2362 739 2415 ontnia
759 2360 951 2415 infiscabimus.
974 2355 1036 2409 ttae

243 2437 333 2490 orrtnia
362 2435 477 2505 singulis
502 2432 581 2487 surus
608 2444 773 2497 permanes
798 2429 927 2501 principis
951 2426 1035 2505 nostri

244 2506 364 2575 praedicti
390 2516 564 2559 sttceessores
589 2512 696 2554 nostros
725 2500 857 2557 iaciemus
878 2499 981 2567 jurare.
1006 2498 1035 2549 St

244 2577 307 2645 quis
337 2586 427 2629 aretem
454 2574 512 2627 llaec
532 2572 626 2641 jurare
650 2570 778 2637 noluerit,
795 2571 884 2639 ipsum
908 2581 1036 2639 tanquam

1085 1886 1147 1924 tnus
1161 1874 1303 1925 universos
1314 1869 1388 1925 cives
1399 1879 1507 1925 trostros
1520 1880 1548 1925 et
1559 1870 1628 1925 aiios
1639 1872 1763 1927 bornines
1770 1874 1877 1943 pirate,

1085 1950 1114 1995 et
1146 1940 1276 1996 iaciemus
1304 1948 1360 1995 tant
1373 1955 1420 1995 eos
1444 1956 1525 2010 qnam
1542 1956 1715 1996 successores
1736 1958 1831 1998 eorum
1848 1945 1878 2000 in

1084 2022 1237 2081 posterum,
1247 2021 1328 2081 prom
1343 2011 1440 2066 melius
1456 2010 1616 2081 poterimus,
1628 2012 1786 2069 observare.

1120 2152 1186 2208 Car.
1197 2148 1267 2206 llll.
1282 2146 1427 2204 innomine
1437 2144 1554 2201 ilentini.
1564 2146 1881 2207 dnnoablncarnatfone

1086 2220 1322 2285 contristasse
1335 2217 1479 2275 ldnsbilii.
1496 2217 1879 2289 Egollilo‹lotitini‘papasue

1087 2293 1174 2350 tarius
1184 2293 1217 2346 Α.
1226 2291 1256 2347 S.
1269 2292 1299 2346 i..
1312 2289 1426 2345 vobisG.
1437 2286 1573 2343 dideruari
1587 2297 1614 2342 et
1625 2286 1773 2358 Latrrberto
1787 2290 1882 2345 Domi·

1087 2366 1129 2419 nis
1141 2361 1358 2417 ‹tollentiliosub
1366 2360 1457 2413 debito
1466 2357 1578 2441 prestiti
1588 2357 1737 2426 paramenti
1750 2363 1881 2441 praccipio

1086 2442 1117 2489 nt
1130 2433 1242 2502 pedagia
1256 2447 1303 2487 sen
1315 2430 1451 2500 guidagia,
1467 2444 1493 2481 tn
1507 2438 1563 2483 toto
1574 2436 1664 2482 vestro
1683 2428 1808 2485 districtu
1821 2442 1880 2487 tam

1087 2506 1114 2560 in
1132 2515 1204 2558 terra
1221 2518 1301 2571 qnam
1332 2502 1358 2554 in
1378 2500 1456 2568 aquis
1472 2499 1546 2553 nrdlo
1561 2512 1678 2567 nuquam
1696 2505 1820 2570 ternpore
1832 2518 1883 2557 ae·

1087 2573 1204 2643 cipiatis.
1221 2573 1272 2628 nisi
1296 2586 1356 2639 qus
1379 2570 1490 2638 antiqua
1505 2584 1596 2637 regum
1625 2570 1666 2621 vet
1683 2569 1881 2641 imperatorum

245 2646 402 2701 lraereticmn
421 2644 581 2699 babebimus
604 2640 788 2707 martilcstnm,
817 2655 866 2695 nec
887 2639 944 2707 eius
964 2636 1037 2706 jndi-

1087 2644 1263 2699 eoncessione
1275 2640 1457 2713 probaveritis
1471 2654 1519 2693 ros
1544 2640 1653 2694 babere.
1669 2638 1737 2693 ltent
1752 2642 1883 2711 precipio

245 2715 317 2773 eiam
327 2716 540 2771 sivcauetecitas
554 2714 672 2781 vigorem
690 2710 815 2781 inaliqeo
826 2712 884 2782 ciras
893 2712 1034 2766 sortietur.

1087 2724 1117 2769 ot
1133 2727 1226 2784 queem
1241 2728 1289 2767 sen
1315 2722 1449 2779 treugam,
1478 2710 1626 2765 secumlmn
1644 2708 1716 2778 quod
1743 2712 1820 2765 vobis
1836 2714 1881 2767 in·

1083 2784 1207 2855 junctum
1236 2783 1327 2846 luerit,
1339 2780 1501 2845 adservatis,
1514 2790 1541 2834 et
1557 2779 1662 2835 iacietis
1683 2796 1698 2833 a
1716 2782 1813 2836 vestris
1827 2783 1883 2837 bo-

281 2854 346 2911 Crr.
360 2852 404 2913 l'l.
418 2853 564 2909 lnrtnrniue
578 2849 694 2906 ilotoini.
713 2846 971 2919 Antropuntiitcams
989 2849 1037 2903 do-
1087 2855 1205 2911 minibus
1227 2852 1367 2908 obervari
1390 2852 1492 2919 pariter
1512 2848 1645 2918 etjurari.
1662 2848 1729 2905 item
1751 2852 1883 2924 precipio

246 2926 312 2983 mini
326 2918 882 2993 lotrocentiipapaellldnodecimo,vrNota.
896 2916 1036 2987 inuisae
1087 2924 1166 2980 etde
1195 2924 1271 2978 vobis
1295 2921 1524 2990 conquerentibus
1543 2919 1692 2975 secundnm
1720 2935 1811 2977 meunt
1837 2922 1884 2979 vel

246 2997 382 3051 Artaudns
395 2996 429 3050 de
444 2994 535 3049 ilitsiln
543 2994 605 3062 jure
622 2992 669 3045 tibi
686 2994 815 3060 magistro
829 2990 918 3045 llitorti
932 2990 1035 3043 alumini
1088 2994 1199 3051 atterius
1215 2993 1294 3064 legari
1309 2992 1350 3044 ret
1363 2991 1463 3061 judicis
1487 2989 1604 3061 riedegost
1628 2990 1882 3048 renominarunt.

246 3082 323 3138 paple
353 3068 470 3127 notario,
486 3060 640 3135 ³P⁰St⁰¹l⁰ae
656 3062 727 3115 sellis
745 3064 843 3129 lesbio.
857 3060 928 3130 obtul
954 3060 1035 3129 qnid-
1086 3066 1197 3121 bitrimn
1212 3062 1348 3134 justitiam
1363 3062 1482 3116 laetatis.
1494 3059 1560 3117 bem
1585 3061 1713 3130 praecipio
1736 3072 1763 3115 ot
1778 3073 1885 3118 stratas

247 3136 311 3205 quid
322 3136 448 3192 dominus
461 3150 527 3204 papa
542 3132 583 3187 vel
599 3143 625 3186 tu
639 3144 686 3186 sen
700 3132 810 3186 ttetttius
821 3132 890 3185 alius
907 3128 947 3186 vel
959 3132 1034 3198 lepa-
1048 3156 1070 3213 C
1086 3136 1210 3210 publicas
1233 3146 1344 3190 secturae
1367 3132 1491 3198 servetis,
1517 3141 1545 3188 et
1567 3131 1769 3202 crucesignatos
1782 3141 1836 3188 tarn
1852 3134 1884 3190 itt

247 3215 292 3262 tus
304 3205 362 3274 eins
373 3207 438 3261 mibi
453 3207 486 3259 de
501 3203 620 3274 pelagiis
632 3217 680 3255 seu
700 3202 835 3270 guidagiis
853 3211 907 3256 tant
919 3202 945 3255 io
960 3212 1033 3256 terra
1086 3207 1175 3264 eundo
1188 3221 1269 3272 qoam
1286 3205 1312 3258 io
1333 3202 1470 3257 rodevrodo
1485 3216 1627 3273 proposse
1651 3211 1743 3258 vestro
1766 3204 1801 3258 ab
1821 3219 1886 3260 ont·

247 3293 327 3346 quam
338 3279 365 3332 in
379 3277 457 3345 apris
468 3273 634 3328 dimittendis
650 3275 819 3341 praeceperit,
837 3271 906 3326 bona
921 3273 971 3326 dale
984 3272 1034 3324 ab·
1086 3279 1167 3334 „tous
1180 3275 1342 3330 descendatis.
1354 3273 1419 3328 bem
1435 3274 1561 3343 precipio
1572 3281 1602 3328 ut
1613 3285 1742 3341 eosquos
1760 3275 1885 3344 episcopi

247 3348 370 3403 servabo.
387 3347 628 3402 bindliterstratas
640 3343 761 3410 publicas
782 3356 892 3396 securas
907 3341 1034 3396 servabo.
1086 3348 1128 3402 vel
1139 3345 1184 3399 alii
1203 3345 1295 3400 elerici
1322 3343 1398 3398 vobis
1415 3343 1558 3399 hereticos
1584 3344 1765 3398 norninabunt
1792 3352 1820 3399 et
1836 3359 1885 3400 re·

248 3418 312 3474 ltem
329 3431 420 3486 pacem
435 3431 482 3470 scu
499 3423 632 3482 trcuqanr,
649 3412 796 3466 secundum
823 3413 894 3478 quod
910 3411 974 3464 mild
994 3411 1035 3463 in-
1086 3424 1238 3486 captatores
1263 3414 1304 3469 vel
1319 3413 1441 3469 favitores
1464 3422 1511 3468 aut
1532 3415 1677 3470 credentes
1699 3426 1794 3468 couno
1820 3423 1885 3470 uo-

247 3487 368 3559 iertetmn
396 3485 487 3550 inerit,
503 3485 600 3553 iurabo
627 3492 653 3536 et
678 3484 786 3537 tenebo.
804 3481 868 3536 item
894 3482 1037 3536 laevetieos
1086 3501 1170 3558 qoam
1186 3485 1328 3540 hereticos
1343 3495 1370 3538 et
1380 3484 1498 3552 prodatis
1513 3499 1561 3552 per
1575 3487 1707 3539 bonorum
1730 3483 1885 3539 inviscatis-

247 3559 289 3613 vet
306 3559 447 3613 credentes
477 3567 618 3624 proposse
644 3567 704 3606 rtren
719 3567 875 3622 persentiat,
892 3561 918 3604 et
942 3565 1036 3606 eoruttt
1087 3563 1189 3612 nernet
1210 3555 1279 3609 alias
1304 3554 1453 3609 secundent
1476 3553 1611 3625 lepitintas
1633 3553 1798 3608 sanctiones.
1813 3565 1882 3610 rtem

248 3631 318 3684 burra
337 3628 380 3683 nbi
408 3637 500 3694 potero
516 3623 665 3692 oecnpalto.
690 3621 796 3677 leviatos
815 3623 848 3676 ab
862 3623 1037 3676 adndnistra·
1086 3626 1215 3696 precipio
1230 3634 1258 3680 ut
1270 3623 1398 3679 ccclesias
1411 3635 1439 3677 et
1451 3622 1547 3678 dornos
1562 3624 1702 3693 religiosas
1716 3625 1742 3677 in
1754 3624 1884 3681 libertate

247 3700 322 3754 liobe
337 3697 442 3768 publicat
456 3695 498 3749 t'el
517 3694 621 3763 pllt'tll'd
635 3693 742 3762 pellitus
758 3695 784 3748 iu
806 3705 866 3747 ttteo
891 3693 1037 3746 t'ttlliut'elto
1088 3696 1209 3767 plenaria
1221 3693 1398 3758 conservetis,
1416 3693 1541 3748 videlicet
1560 3695 1633 3764 qnod
1657 3695 1685 3748 ip
1700 3694 1741 3748 eis
1754 3693 1884 3766 alberga.

248 3770 381 3831 districtn,
394 3782 444 3822 nec
455 3765 515 3822 illos
529 3766 571 3820 vel
585 3765 653 3820 aiios
671 3779 789 3834 urrrpuaru
808 3764 842 3817 ad
856 3763 974 3832 aliquam
988 3762 1038 3815 ad·
1089 3766 1157 3829 rias,
1172 3765 1392 3834 procurationes,
1405 3763 1451 3817 vel
1464 3765 1624 3820 exactiones
1638 3778 1816 3834 quascunque
1831 3781 1884 3820 seu

248 3840 476 3895 ministrationem
503 3849 660 3901 asstunatn3
692 3834 822 3891 ecelesias
853 3832 1038 3888 incastellatas
1090 3834 1886 3905 talliasnullatennsexigatisvetpercipiatis,etdelnn-

248 3911 396 3966 secundnm
415 3907 571 3964 tnattdatnm
586 3903 733 3960 dioecesani
744 3904 863 3973 episcopi
886 3903 1037 3966 destruam,
1089 3907 1246 3963 criscecum
1277 3904 1439 3968 rectoribus,
1451 3903 1523 3973 ipsas
1552 3903 1722 3961 nullomodo
1745 3905 1883 3973 spolietis,

248 3980 289 4035 rel
306 3980 330 4033 ei
343 3981 494 4042 restituam,
511 3975 679 4045 neenliqnas
693 3976 837 4029 decaetero
863 3973 1039 4027 incastellabo
1089 3992 1139 4031 nec
1163 3974 1390 4032 aduriuistratinni
1405 3989 1501 4028 earnm
1525 3989 1572 4028 sen
1585 3975 1720 4042 ¹custodiae
1735 3975 1885 4032 occasione

250 4052 291 4106 vet
307 4049 489 4104 incastellatas
500 4047 631 4101 retinebo.
643 4043 779 4102 Ecclesias
795 4044 822 4097 in
848 4049 925 4112 pteua
956 4041 1039 4097 iiber·
1090 4048 1206 4118 alicrtjus
1224 4043 1428 4101 consuetudinis
1445 4045 1485 4098 rel
1498 4044 1551 4098 alia
1566 4059 1614 4100 ros
1629 4045 1817 4111 irurnisceatis,
1831 4047 1885 4100 sed

250 4131 304 4175 tate
318 4120 443 4174 sacrabo.
466 4118 499 4172 lit
521 4117 653 4172 conliteor
673 4115 744 4185 qnod
768 4127 817 4184 pro
846 4114 887 4168 bis
912 4113 1039 4168 ornnibtts
1088 4118 1178 4173 orttrria
1193 4117 1255 4172 sinc
1267 4114 1446 4170 diminutione
1461 4115 1550 4184 aliqua
1564 4114 1752 4171 defunctorum
1772 4130 1885 4171 sncces-

249 4190 426 4245 observandis
446 4199 474 4242 et
498 4185 569 4250 aliis,
592 4187 614 4240 si
646 4201 699 4256 qne
728 4185 792 4240 ntibi
814 4193 949 4253 praecepta
981 4181 1038 4237 ine·
1089 4189 1196 4243 sarriens
1214 4193 1398 4249 reserventur,
1420 4193 1448 4239 et
1469 4185 1595 4240 electioni
1620 4186 1735 4240 rectoris
1749 4185 1885 4244 Ecclesire

249 4261 316 4324 rint,
339 4267 368 4311 ut
392 4259 494 4312 dictum
523 4265 578 4320 est;
599 4267 718 4309 eastrrnn
753 4269 840 4308 rrrcnm
870 4257 903 4309 dc
928 4254 1037 4310 ltosilon
1091 4254 1672 4326 teutonuspervosvctperquarncnoqne
1691 4255 1884 4326 aliamperso·

249 4331 326 4384 vobis
338 4329 446 4382 nornine
461 4326 590 4380 Romanas
602 4325 728 4378 Ecclesiae
743 4324 850 4390 uadidi,
867 4323 937 4394 qnod
951 4341 1039 4396 neque
1089 4345 1153 4384 nant
1171 4343 1218 4382 vos
1233 4326 1386 4381 rndlntenns
1411 4325 1599 4392 irtrrnisccatis,
1613 4341 1664 4382 nec
1684 4326 1802 4395 aliquam
1823 4326 1886 4382 vio-

249 4399 327 4454 vobis
349 4413 435 4469 neque
451 4393 611 4451 custodibus
638 4393 756 4462 ejusdcm
773 4396 854 4448 castri
877 4397 1036 4466 permearet
1090 4397 1200 4454 letitiam
1224 4396 1331 4452 iacietis
1355 4393 1396 4448 vel
1419 4396 1642 4463 impedimentum
1669 4397 1803 4466 praetatis
1826 4411 1885 4466 qno

250 4483 299 4538 per
314 4469 594 4536 aliamqoamcuuque
623 4478 767 4533 personam
787 4461 908 4518 attieram
934 4466 975 4520 vet
988 4482 1035 4520 au·
1092 4468 1182 4522 vuinus
1207 4468 1305 4522 electio
1327 4465 1459 4521 carrorrice
1476 4481 1509 4520 ac
1529 4465 1614 4521 libere
1638 4467 1801 4522 celebretur.
1814 4467 1884 4521 lunt

251 4539 316 4594 lerri
342 4539 451 4599 iaciant,
474 4537 528 4590 imo
543 4537 565 4592 si
589 4536 622 4589 ab
634 4535 725 4602 aliquo
749 4532 828 4588 inerit
839 4535 970 4600 uitiatum,
987 4553 1037 4608 pro
1052 4511 1077 4570 D
1090 4539 1218 4610 praecipio
1230 4548 1259 4592 ut
1282 4535 1391 4592 ludaeos
1402 4537 1437 4589 ab
1459 4533 1696 4591 adtuinistratlone
1720 4536 1827 4606 publiea
1839 4537 1885 4592 rel

250 4624 330 4680 pesse
346 4623 406 4662 mco
429 4609 461 4661 ad
477 4609 689 4674 reenpccamlunt
718 4604 820 4658 illudet
842 4607 1037 4662 restitttendmn
1090 4610 1195 4680 privata
1218 4604 1516 4670 retnoveatisomnino,
1532 4615 1560 4662 et
1584 4605 1657 4661 nullo
1670 4621 1788 4676 utiquam
1814 4615 1885 4661 tent·

250 4680 328 4734 vobis
346 4679 388 4731 vei
405 4676 559 4730 cirstodilms
576 4678 620 4744 qm
633 4690 682 4744 pro
701 4685 822 4743 tempore
847 4675 946 4730 inerim
967 4678 1037 4732 dabo
1088 4693 1213 4751 povecos
1236 4679 1268 4732 ad
1290 4677 1415 4732 eamdem
1440 4675 1482 4731 vel
1503 4678 1537 4730 ad
1554 4677 1637 4730 aliam
1656 4677 1816 4743 restituatis,
1831 4694 1885 4733 rice

249 4764 360 4819 operam
373 4749 442 4802 bona
458 4748 518 4800 tide.
537 4743 603 4800 llnlo
619 4749 700 4800 etiarn
715 4755 743 4798 ut
758 4745 827 4798 ulem
839 4755 957 4800 castrum
970 4749 1038 4804 ttteis
1089 4751 1158 4805 alios
1169 4748 1276 4804 tadeo
1290 4748 1324 4802 ad
1342 4747 1604 4801 administrationem
1626 4747 1744 4817 aliquam
1759 4763 1885 4802 amastria—

251 4819 404 4888 sumptibus
428 4815 606 4872 custodiatur.
630 4816 692 4870 ttae
714 4815 822 4879 oretria,
854 4816 925 4870 sicut
956 4831 1037 4886 supra
1089 4822 1135 4884 tis,
1150 4835 1202 4874 nec
1214 4833 1307 4872 eorem
1319 4817 1433 4872 covasilio
1448 4826 1541 4871 contra
1568 4817 1740 4873 Christianos
1754 4818 1883 4872 ntautini.

251 4892 350 4958 scripta
366 4899 440 4954 sent,
454 4888 521 4941 botta
539 4889 589 4941 tide
605 4887 767 4942 observabo.
781 4883 828 4940 Sic
842 4885 914 4943 licus
928 4901 971 4943 nte
989 4889 1039 4943 ad·
1088 4890 1154 4948 item
1166 4889 1292 4960 praecipio
1304 4897 1333 4942 ut
1343 4888 1473 4942 ecclesias
1486 4887 1668 4942 incastellatas
1682 4890 1716 4941 ad
1735 4889 1883 4943 arbitrium

248 4959 325 5031 juvet
337 4967 365 5014 et
381 4960 439 5013 ltaec
453 4967 546 5012 sancta
560 4956 605 5012 ttet
621 4957 778 5028 Evangelia.
1088 4962 1304 5016 dioeeesauormn
1321 4958 1509 5028 episcoporum
1534 4958 1659 5023 diruatis,
1676 4957 1719 5012 vel
1744 4958 1827 5013 etiam
1841 4973 1886 5014 rc·

1089 5030 1203 5086 servetis
1220 5028 1241 5082 si
1263 5043 1332 5098 squas
1355 5029 1484 5082 ‹lescrint
1507 5029 1705 5094 reservandas3
1730 5043 1799 5098 quas
1814 5028 1885 5097 ipsis

286 5093 351 5150 cir.
363 5093 418 5149 llll.
428 5092 1037 5168 lnnominellomiui.drtnoduodecintoponti·
1089 5099 1253 5156 dioecesanis
1267 5100 1403 5169 episcopis
1421 5097 1545 5159 tradatis,
1558 5097 1602 5152 vei
1623 5096 1684 5153 aliis
1696 5099 1882 5154 Ecclesiarnm

251 5167 347 5222 dicatas
361 5165 466 5220 llorniui
477 5164 624 5220 lrtrtocentii
637 5179 712 5234 papas
725 5165 762 5226 ΙΙΙ,
776 5165 973 5225 vullenlelii.
985 5168 1038 5226 Nos
1088 5171 1209 5242 prelatis
1234 5171 1267 5224 ad
1291 5183 1360 5238 qnos
1374 5170 1510 5238 pervinere
1525 5176 1684 5234 noscuntur,
1698 5181 1726 5222 at
1748 5179 1884 5238 perpetuo

250 5236 541 5307 episeopusdccanus,
551 5235 1038 5308 t'icarinsetcetericanoniciValen·
1109 5241 1280 5296 ossideantur
1295 5242 1330 5293 ab
1343 5241 1393 5293 cis.
1409 5237 1474 5292 item
1490 5239 1619 5310 praecipio
1641 5246 1671 5293 nt
1683 5239 1705 5294 si
1720 5252 1812 5294 enarres
1826 5235 1886 5292 To·

252 5309 300 5362 tini
326 5308 437 5378 praecise
458 5305 583 5374 jurantns
600 5317 682 5374 super
698 5313 793 5360 sancta
820 5306 868 5362 liei
892 5309 1037 5379 Evangelia
1087 5259 1199 5368 bsecras
1223 5321 1276 5365 tarn
1292 5325 1340 5381 per
1361 5325 1391 5366 se
1414 5323 1497 5378 quant
1511 5311 1692 5376 pcrltaeredes
1707 5325 1773 5366 suos
1786 5319 1884 5364 cotnra

251 5378 299 5434 tibi
316 5379 443 5450 tttagistra
457 5378 548 5432 tlileni
563 5375 664 5431 detniui
685 5391 760 5445 papae
776 5379 896 5443 notario,
909 5381 1037 5448 apostoli·
1087 5393 1221 5455 praccepta
1247 5397 1307 5449 qmc
1320 5382 1371 5435 sibi
1398 5380 1468 5434 lacta
1485 5379 1601 5433 sttruvcl
1616 5380 1682 5434 stent
1702 5380 1883 5450 inposterum

250 5463 290 5504 cae
304 5452 376 5506 sedis
390 5449 489 5522 legato,
504 5447 576 5516 qnod
594 5447 617 5500 si
630 5445 808 5516 llaprnnodus
825 5464 916 5504 cuntes
926 5449 1039 5506 Tolosa·
1088 5469 1171 5523 srrper
1186 5455 1217 5508 iis
1233 5451 1358 5508 otrrrtibus
1370 5467 1420 5521 pro
1435 5449 1534 5520 quibas
1549 5448 1600 5504 luit
1616 5451 1883 5515 escormunuicatus,

251 5535 302 5574 nus
316 5531 369 5574 tarn
381 5535 429 5588 per
456 5533 486 5572 se
509 5531 590 5586 quant
606 5531 664 5596 per·
678 5531 851 5574 soccessores
872 5534 936 5576 snos
955 5533 1039 5591 snper
1088 5539 1149 5594 qna
1160 5522 1284 5578 videlicet
1303 5531 1476 5592 exponuntur
1488 5523 1515 5575 in
1535 5521 1621 5575 lortrra
1634 5527 1783 5575 secrrndmn
1798 5533 1884 5590 qnam

252 5586 604 5657 lisornnibus‘proquibus
627 5585 678 5639 lau
691 5591 952 5654 exeornnmnicatns.
977 5607 1040 5661 quae
1088 5595 1147 5662 ipse
1160 5604 1305 5662 arrtequam
1326 5594 1514 5648 absolveretur
1539 5591 1769 5663 inravit‚venerit
1793 5593 1885 5645 rrtatri·

250 5658 376 5712 vindicet
391 5664 563 5726 exponuntur
588 5657 617 5736 in
627 5656 713 5711 iortrta
728 5661 875 5714 sectandum
887 5676 968 5730 quern
981 5664 1039 5730 ipse
1088 5666 1170 5730 leste,
1181 5679 1230 5719 vos
1246 5663 1348 5718 trullum
1358 5662 1503 5719 covasilimn
1516 5663 1558 5718 rel
1584 5663 1715 5718 auxilinm
1736 5678 1782 5719 seu
1801 5667 1884 5715 arose

251 5737 398 5796 artthnnm
411 5727 599 5806 absolveretur
609 5727 720 5794 pararit,
744 5743 797 5782 non
813 5733 933 5799 paruerit
949 5735 1038 5786 orrrrri-
1088 5735 1182 5803 qnimu
1198 5748 1308 5804 perros
1327 5734 1370 5790 rel
1383 5749 1432 5805 per
1447 5742 1551 5790 vestros
1580 5734 1705 5790 bntuines
1717 5748 1764 5789 sce
1778 5731 1886 5786 etnicos

250 5794 301 5854 ltus
322 5796 455 5852 vitandans
477 5795 615 5864 Ecclesiae,
637 5797 679 5851 vel
704 5811 735 5850 ea
761 5798 958 5870 inperpetuum
983 5818 1035 5858 noo
1089 5815 1116 5860 et
1130 5805 1301 5875 atiquatenus
1317 5805 1494 5877 inemendatis,
1514 5805 1569 5861 itno
1583 5819 1725 5874 quousque
1742 5805 1820 5873 ptcoc
1834 5805 1886 5874 pa'·
