4109 6325
188 3054 193 3063 ,
287 3008 393 3054 morum
411 2992 508 3059 pedum
530 2990 621 3043 oscado
642 2990 697 3059 (66)
712 2990 827 3045 salntem
846 2998 874 3045 ει
888 2991 982 3045 ritant.

286 372 337 431 ets
730 368 922 427 innocense
940 368 974 425 tlt
991 366 1044 423 PP.
1064 364 1295 423 nenesrotttttt
1313 364 1376 421 tm.
1394 361 1461 421 dil.
1847 356 1907 420 'bil

286 502 318 544 ac
330 488 382 543 alia
404 485 487 540 multa
507 480 621 537 seranda
636 481 755 538 iocinore
768 482 882 537 traditas
899 480 1017 546 Satanae,
1041 493 1073 535 ac
1085 482 1111 542 A
1125 478 1270 548 prudenter
1285 492 1318 533 ac
1331 485 1457 547 potenter
1469 474 1601 530 hactenns
1619 473 1804 543 promovistis,
1825 475 1908 534 bnem

290 559 363 613 omni
381 556 569 611 communione
583 564 683 607 sanctae
704 552 1069 623 matrisEcclesiaesepera·
1123 546 1272 617 perlectum
1304 558 1333 603 et
1356 546 1481 603 stabilem
1506 545 1663 627 imponatis.
1690 546 1728 600 lle
1748 547 1908 603 infidelitate

287 640 336 690 tas,
353 634 380 679 et
403 624 599 693 crucesignatis
621 624 781 680 alletoritate
797 623 856 689 lici,
879 623 956 691 cujus
970 638 1069 677 nomen
1121 633 1239 687 namque
1256 619 1320 673 dicti
1341 618 1448 672 comitis
1465 624 1494 671 et
1510 623 1678 670 immanitate
1692 632 1773 685 qnam
1799 632 1847 685 per
1859 634 1907 673 sa-

286 697 404 768 graviter
419 694 444 747 in
460 695 499 747 cis
518 694 765 762 blasphemabatur,
785 693 932 764 expositas,
949 692 1070 762 disponi·
1122 689 1233 744 tellitem
1247 704 1326 743 sunm
1352 686 1474 743 exercuit
1488 686 1515 740 in
1531 684 1650 755 legatum
1665 685 1734 756 (di),
1750 702 1833 756 snper
1852 704 1907 756 quo

286 769 322 823 tis
337 766 363 821 in
377 763 545 835 protectione
559 780 590 819 uc
604 766 726 820 custodia
738 774 828 821 vestra
841 765 962 835 recipere
979 778 1011 817 ac
1021 777 1069 819 eas
1120 773 1169 829 per
1180 758 1397 814 ratihabitionem
1408 767 1435 813 et
1450 757 1581 812 honorem
1597 765 1625 811 et
1641 755 1772 811 benelicia
1784 773 1844 826 quae
1855 759 1905 828 ipsi

285 847 380 891 corrtra
394 834 494 891 Christi
506 834 654 889 exercitum
668 844 694 889 et
705 836 830 891 Ecclesiae
843 834 992 890 defensare.
1002 833 1069 889 Cum
1121 830 1238 885 occisori
1253 829 1377 885 exhibuit
1391 826 1559 885 convincitur
1568 826 1722 894 rnanileste,
1736 830 1805 883 satis
1817 838 1906 898 petest

285 908 368 977 igitur
389 908 456 967 hacc,
481 906 503 960 si
521 920 585 958 vera
607 905 661 959 sint
673 906 755 975 (qttod
778 906 849 961 [iens
865 906 991 975 avertat),
1015 920 1070 960 nnn
1121 909 1212 954 vestra
1230 900 1365 955 sanctitati
1377 908 1514 954 constare.
1527 895 1672 951 Provideat
1685 913 1799 967 quoqne
1810 909 1907 955 restrae

285 978 371 1031 solum
400 978 426 1030 in
448 976 542 1030 salutis
567 983 663 1029 vestra·
678 976 860 1045 dispendium,
875 977 963 1031 sedin
985 976 1071 1030 hono·
1120 969 1271 1040 paternitas
1295 970 1329 1023 ne
1342 967 1592 1038 rendragonensis,
1614 968 1670 1037 qui,
1685 978 1715 1022 ut
1734 968 1808 1025 salva
1828 984 1905 1024 rovo-

286 1050 325 1104 rls
339 1048 404 1116 regii
425 1063 456 1101 au
468 1048 604 1115 opinionis
619 1056 646 1099 et
661 1045 740 1100 laune
757 1046 861 1114 possint
875 1046 970 1101 cedere
986 1047 1071 1101 detri·
1122 1040 1208 1094 remia
1220 1039 1357 1095 unctionis
1369 1039 1425 1111 (63)
1441 1040 1592 1108 loquamur,
1609 1037 1696 1092 lactus
1711 1040 1820 1094 ridetur
1834 1039 1906 1095 lilius

286 1127 419 1183 mentum,
441 1132 490 1172 nos
513 1117 559 1185 qni
578 1118 693 1171 salutem
716 1126 835 1171 vestram
859 1125 886 1170 ct
905 1117 1018 1186 gloriam
1042 1124 1070 1170 et
1121 1109 1249 1174 infidelis,
1273 1116 1300 1164 et
1313 1117 1526 1180 presumptuose
1540 1122 1570 1163 se
1581 1108 1667 1178 jactat
1681 1108 1754 1178 quod
1769 1110 1842 1163 dicto
1860 1126 1906 1163 co·

286 1189 418 1245 bonorem
437 1188 556 1242 zelamus
577 1188 640 1242 totis
655 1186 805 1241 visceribus
818 1186 971 1251 charitatis,
990 1186 1070 1242 celsi·
1121 1180 1180 1234 miti
1198 1188 1226 1234 et
1239 1179 1417 1250 complicibus
1435 1179 1494 1248 ejus
1511 1177 1659 1244 hereticis,
1673 1179 1785 1234 rotariis
1798 1179 1906 1235 sacrile-

287 1259 408 1314 tudinem
428 1259 527 1329 regiam
544 1272 680 1327 rogamus,
702 1257 878 1320 consulimus,¹
889 1272 1030 1311 monemus
1043 1265 1070 1309 et
1121 1251 1174 1320 gis,
1185 1250 1329 1306 homicidis
1342 1249 1498 1305 eromuino
1509 1246 1671 1317 flagitiorum
1683 1250 1825 1320 generibus
1836 1252 1905 1303 irre·

287 1332 465 1387 exhortamur
484 1330 510 1381 in
530 1329 644 1383 Domino
658 1336 684 1381 et
700 1328 726 1380 in
741 1328 859 1395 potentia
877 1328 986 1382 virtutis
998 1325 1069 1395 eins,
1121 1321 1178 1375 titis
1192 1321 1368 1376 restitutionis
1384 1331 1516 1375 terrarum
1531 1334 1642 1374 snamm
1656 1330 1685 1375 et
1697 1322 1792 1390 gratim
1804 1328 1906 1376 vestre

288 1412 316 1457 et
330 1417 362 1456 ει
375 1411 452 1463 ριιιε
464 1398 512 1453 bei
527 1408 555 1453 et
571 1398 763 1468 Redemptoris
775 1396 879 1450 bortrini
892 1395 955 1451 iesu
968 1396 1070 1452 Christi
1121 1392 1281 1446 henelicium
1303 1392 1444 1455 obtinebit.
1470 1391 1504 1444 sd
1522 1398 1639 1445 vestram
1665 1393 1835 1459 praesentiam
1858 1406 1907 1445 eos

288 1472 327 1527 ae'
342 1470 506 1526 sanctissimi
530 1467 625 1524 vicarii
651 1469 709 1536 ejus
729 1466 833 1522 bortrini
858 1468 943 1521 nostri
969 1468 1069 1524 summi
1122 1460 1235 1526 libretis,
1266 1461 1437 1543 aliquatenus
1462 1474 1512 1517 '⁰³
1539 1462 1741 1516 circumveniat.
1777 1460 1906 1517 Proiecto

288 1542 436 1609 pontilicis,
450 1541 609 1595 arrctoritate
621 1538 760 1607 legationis
772 1550 824 1607 qna
840 1534 987 1605 hmgimur,
1000 1536 1071 1592 inhi-
1121 1545 1251 1599 namque,
1262 1532 1285 1585 si
1293 1532 1365 1586 dicta
1379 1532 1485 1597 civitas,
1495 1546 1556 1600 quae
1566 1530 1905 1602 nidustmreticorumffil)

287 1612 391 1673 bernus,
402 1611 524 1665 etmodis
535 1606 953 1679 quibuspossnmnsobtestamur
965 1622 1009 1673 ne,
1022 1608 1074 1676 ρει
1121 1603 1213 1657 existit
1224 1611 1252 1656 et
1264 1601 1368 1657 exstitit
1378 1602 1412 1655 ab
1430 1603 1551 1671 antiquo,
1566 1601 1603 1655 ita
1614 1602 1696 1671 quod,
1713 1602 1783 1657 sicut
1792 1601 1906 1673 legitur,

287 1682 387 1737 vosrol
402 1681 483 1744 alios,
497 1690 583 1735 terras
599 1678 733 1747 recipiatis
752 1676 793 1732 vel
807 1677 958 1732 detrudatis
970 1676 1071 1747 praedi·
1122 1674 1157 1725 οι)
1180 1686 1290 1727 ceresam
1315 1671 1432 1727 similem
1451 1672 1502 1727 tuh
1527 1670 1590 1727 olim
1612 1686 1707 1727 eversa
1733 1671 1855 1726 londitus
1878 1681 1908 1725 et

288 1764 357 1808 ctas.
370 1753 499 1821 Optamus
514 1760 603 1805 autern
617 1760 751 1817 quatenns
768 1756 823 1803 tarn
840 1749 915 1802 robis
930 1762 1010 1815 qnam
1024 1760 1072 1801 re·-
1123 1743 1204 1795 ctiam
1222 1752 1345 1803 exarata.
1360 1742 1521 1797 remanserit
1534 1740 1723 1813 pestilentibus
1736 1742 1907 1809 memoratis,

288 1824 354 1879 stris
367 1822 458 1876 taliter
470 1820 615 1889 dignemini
638 1820 780 1890 providere
794 1830 828 1871 ne
842 1818 1071 1873 communicando
1123 1815 1212 1867 adhue
1222 1814 1329 1867 damma
1341 1811 1536 1881 egredieturde
1547 1814 1616 1882 ipss,
1627 1827 1688 1883 qnae
1699 1819 1789 1874 belles
1801 1820 1907 1867 nostres

288 1891 529 1950 excommnnicatis
541 1900 568 1947 et
579 1888 730 1943 tnaledictis
741 1886 1071 1944 haereticisetlantoribns
1122 1891 1150 1937 et
1165 1882 1235 1937 alias
1249 1882 1459 1951 circumpositas
1474 1883 1552 1953 pejus
1563 1882 1643 1938 solito
1659 1880 1824 1953 profligabit.

288 1963 454 2022 eorumdem,
472 1961 558 2016 labem
569 1958 855 2016 excommunicationis
868 1959 1007 2014 incurrere
1024 1972 1072 2013 vos
1473 1975 1555 2032 χρρ,

288 2036 437 2101 contingat.
452 2030 538 2085 Vnum
550 2041 639 2086 antem
653 2030 777 2086 nolumus
788 2028 961 2083 serenitatem
971 2029 1071 2099 regiam

288 2120 341 2160 non
357 2106 450 2165 latere,
467 2104 572 2171 quodsi
593 2116 661 2171 quos
683 2102 716 2155 de
738 2100 836 2155 nestris
865 2100 1021 2155 hominibus
1043 2100 1071 2154 in

288 2174 470 2231 defensionem
485 2174 618 2242 predicte
629 2181 708 2227 terrm
722 2170 854 2226 duxeritis
864 2170 1066 2241 relinquendos,

288 2261 350 2301 enin
364 2257 459 2299 onmes
473 2243 702 2297 excommunicati
717 2242 770 2297 sint
784 2243 843 2310 ipso
852 2239 921 2308 jure,
938 2240 1072 2311 nosipsos

289 2316 443 2369 dciruntiari
461 2314 727 2381 ‘excommunicatos
756 2320 885 2380 tanquam
914 2310 1072 2367 defensores

289 2387 492 2453 hereticorum,
512 2384 619 2455 publice
632 2384 773 2439 laciernus.

442 2590 480 2646 th
497 2588 581 2645 delete
594 2497 926 2659 retritiiiotoemdrurum.

1297 2046 1337 2103 lle
1355 2050 1456 2119 negotio
1472 2047 1581 2104 Comitia
1596 2046 1730 2113 Toletani.

1158 2140 1420 2199 SanctissinroPatri
1438 2150 1467 2197 ct
1485 2141 1596 2196 domino
1609 2154 1659 2196 suo
1673 2154 1838 2197 innocentiae
1858 2140 1907 2197 net

1123 2214 1209 2283 gratia
1223 2228 1329 2269 summo
1340 2213 1473 2285 pontihci,
1492 2226 1649 2268 renuunnus
1663 2212 1719 2267 sola
1734 2213 1781 2267 liei
1792 2214 1906 2267 misem·

1125 2285 1198 2340 tione
1213 2284 1346 2409 ,grindqltor
1369 2282 1503 2356 Aquensis
1518 2283 1636 2348 humilis,
1655 2283 1815 2338 salutemet
1836 2285 1907 2351 seip-

1123 2369 1221 2409 suma
1253 2370 1288 2425 pe
1306 2370 1345 2412 es.

1158 2424 1355 2495 compendiosa
1379 2424 1534 2481 narratione
1555 2421 1715 2479 beatitudini
1745 2423 1908 2479 vestraedu-

1124 2494 1214 2551 uimus
1234 2496 1412 2552 intimandum
1427 2497 1499 2566 qnod
1510 2494 1668 2551 relormatio
1679 2496 1799 2564 paritet
1813 2494 1908 2550 Eccle-

1125 2568 1172 2621 siae
1195 2580 1228 2621 ac
1253 2566 1307 2622 aha
1322 2570 1394 2623 hona
1418 2582 1479 2637 qnae
1502 2580 1550 2637 per
1563 2563 1773 2620 sollicitudinem
1785 2576 1908 2621 vestram

1126 2638 1287 2705 inpartibus
1302 2639 1400 2693 nostris
1425 2639 1612 2707 dignatusest
1636 2635 1761 2691 dominns
1786 2637 1906 2707 operari,

323 2711 383 2784 (69(
403 2706 584 2765 Sanctissimo
597 2706 624 2761 in
644 2704 752 2765 Christo
771 2704 888 2762 Patriae
904 2705 1074 2763 dominosuo
1124 2707 1195 2761 nulla
1224 2719 1334 2777 possent
1357 2708 1473 2774 ratione,
1496 2707 1645 2763 mundum
1672 2704 1817 2763 interiores
1841 2721 1909 2763 eau-

288 2780 518 2840 rcverendissimo
532 2792 693 2833 innocenrro
706 2778 753 2834 liei
768 2778 854 2847 gratia
867 2792 971 2833 smnmo
986 2779 1075 2847 ponti-
1126 2793 1182 2844 sas,
1202 2781 1302 2834 durare
1313 2779 1341 2834 in
1359 2789 1507 2850 posterum,
1522 2781 1545 2833 si
1560 2776 1630 2831 lorte
1642 2775 1793 2833 Tolosanus
1814 2792 1909 2832 eomes

286 2853 344 2921 eet,
363 2864 535 2906 senrnsnoos
550 2848 637 2902 dictus
649 2862 792 2919 eptscopus
813 2848 985 2903 bitterrensis
1005 2848 1074 2916 (set,
1125 2857 1173 2903 aut
1190 2850 1342 2920 filiuseius,
1358 2850 1589 2920 peccatisnostris
1606 2846 1788 2917 erigentibus,
1806 2856 1910 2902 terram

287 2937 383 2981 servus
403 2920 461 2989 eius
482 2918 678 2974 humilissimus
691 2932 719 2974 et
736 2919 834 2985 tidelis,
848 2933 911 2973 eum
929 2918 1073 2974 satietissi·
1127 2921 1223 2989 quovis
1237 2921 1345 2991 ingenio
1364 2929 1537 2988 recuperaret
1553 2919 1693 2973 emissent.
1705 2918 1822 2987 ideoque
1843 2932 1911 2972 san·

1126 2989 1212 3045 ctitati
1226 3001 1322 3047 restrae
1332 2990 1470 3046 lmrrriliter
1483 2990 1666 3058 supplicamus
1676 2998 1807 3055 quatenns
1822 3002 1911 3056 super

322 3064 388 3121 Cum
399 3058 524 3116 inelialrili
533 3059 580 3113 [lei
595 3059 736 3115 clementia
756 3068 906 3129 vestraeqne
923 3060 1074 3117 ministerio
1126 3060 1178 3118 boc
1192 3061 1280 3117 taliter
1292 3070 1320 3116 et
1332 3071 1385 3115 tam
1398 3070 1476 3117 caute
1490 3058 1636 3130 dignemini
1651 3058 1801 3127 providere,
1812 3059 1836 3113 si
1849 3058 1910 3127 pla·

288 3132 440 3194 sanctitatis
453 3142 524 3188 terra
537 3140 629 3186 nostra
641 3131 737 3195 achille
750 3131 958 3202 ctrrnnrposiue,
976 3131 1074 3198 injoui·
1126 3140 1179 3194 eet,
1193 3134 1264 3202 quod
1286 3130 1448 3187 novissimus
1467 3146 1545 3187 error
1568 3145 1623 3184 nou
1643 3130 1680 3184 sit
1703 3127 1780 3199 peior
1804 3128 1909 3200 priore.

286 3213 338 3265 bns
349 3201 470 3260 diabolus
484 3203 585 3271 peceati
599 3202 689 3272 populi
705 3203 878 3272 exigentibus
899 3208 1002 3256 tantam
1018 3202 1069 3256 sibi
1084 3211 1104 3265 c
1122 3203 1271 3258 Conservet
1293 3204 1422 3258 bossinus
1445 3204 1617 3258 sanctitatem
1638 3211 1757 3255 nestram
1779 3199 1911 3256 Ecclesia

286 3275 435 3350 potenttiam
450 3282 593 3341 usurparat
609 3282 638 3326 ut
649 3287 756 3328 orrtnem
771 3275 797 3326 in
821 3274 860 3328 eis
879 3272 1069 3326 rectitudinem
1121 3282 1222 3328 sanctae
1238 3288 1304 3327 snae.

286 3345 471 3420 pervertisset,
488 3351 516 3397 et
532 3358 580 3411 per
598 3343 735 3398 ministros
748 3343 943 3413 ipsinsspousa
967 3341 1068 3396 Christi
1136 3357 1319 3399 errseoroanu
1340 3359 1367 3398 ιιι
1388 3360 1482 3401 orrroo
1505 3359 1633 3401 rsoneust
1654 3353 1892 3401 consuessem

286 3414 450 3489 opprobriis,
472 3412 646 3482 blasphemis,
662 3422 689 3468 et
712 3427 879 3483 quascunque
903 3413 1008 3481 possint
1021 3427 1069 3466 ει·
1436 3431 1589 3470 cessimus.

288 3486 403 3560 cogitari
421 3484 575 3540 alliceretur
588 3483 705 3553 injuriis,
715 3495 743 3539 et
758 3485 846 3538 omnis
865 3483 967 3540 divinis
978 3481 1068 3538 cultus
1155 3505 1184 3559 qn
1197 3505 1306 3561 nomm„
1316 3503 1421 3561 pompm
1437 3509 1520 3562 „mi
1532 3506 1594 3562 (Μ
1607 3507 1721 3563 mmm·
1735 3506 1834 3561 Amen·
1849 3505 1907 3562 ΗΜ

287 3567 359 3642 ⁰⁵⁸⁰!
374 3557 401 3613 5¹¹
421 3554 595 3637 ‘’iiiiii'fium
616 3562 643 3607 ‘³²
654 3554 786 3636 ‚dirimit
798 3555 828 3608 ⁵¹¹
845 3555 932 3609 iucem
946 3554 1021 3622 Ρπίε
1036 3566 1069 3607 ³⁰
1121 3585 1163 3630 est
1174 3576 1316 3631 consilium
1331 3578 1403 3644 qnod
1425 3579 1548 3632 dorninns
1572 3575 1756 3634 Narbonensis
1770 3575 1909 3648 arehiepi-

287 3629 349 3684 lrdet
365 3639 418 3684 tam
435 3625 548 3680 lehoner
562 3635 693 3692 eruperint
707 3639 839 3692 respirare
856 3634 885 3679 nt
900 3638 1022 3680 errorum
1040 3631 1069 3679 et
1120 3661 1227 3717 scopus,
1242 3658 1307 3715 etc„
1320 3654 1350 3700 „q
1371 3662 1450 3718 ,m
1464 3648 1491 3701 (ἢ
1506 3648 1617 3716 mma
1630 3647 1676 3703 39·

287 3701 401 3754 aliarum
424 3696 633 3766 perversitatum
655 3697 813 3774 arrctoritrus
835 3695 890 3765 jam
914 3709 964 3776 pro
991 3704 1069 3764 parte
1464 3737 1545 3795 ml

287 3770 405 3826 martinia
426 3766 586 3828 exturbatis,
602 3765 696 3820 rexdla
713 3765 749 3820 ihi
762 3765 889 3822 Ecclesiae
902 3775 957 3822 sunt
970 3774 1063 3820 erecta
1431 3809 1437 3822 .
1736 3811 1744 3824 ,

287 3851 315 3896 et
325 3839 357 3894 ad
373 3837 456 3894 divini
472 3835 560 3891 cultus
580 3845 752 3904 angrnentum
767 3851 818 3904 pax
831 3846 859 3892 et
872 3833 1007 3891 securitas
1020 3837 1069 3890 ha·
1271 3810 1310 3865 ⁰⁶
1323 3809 1486 3866 ⁰⁶⁸⁰¹⁸⁴¹¹⁰M
1499 3822 1600 3866 ΜΨ*
1619 3810 1762 3867 T⁰i⁰⁸0¹¹¹r

285 3910 395 3974 beatur,
408 3907 537 3963 retransit
550 3905 638 3960 adimo
649 3906 685 3960 ihi
700 3921 795 3976 niagno
808 3908 930 3975 qrraedam
943 3921 1067 3962 errorum
1154 3904 1242 3961 Nobili
1263 3905 1321 3961 viro
1338 3919 1475 3962 natuunao
1495 3906 1587 3962 comiti
1603 3904 1748 3974 Toletano,
1761 3919 1834 3962 aueo
1857 3903 1907 3960 bei

285 3980 471 4046 ommiumque
489 3975 614 4029 vitiorum
631 3976 735 4030 sentina
747 3977 813 4045 (61),
826 3977 923 4032 Tolosa
940 3975 1069 4032 uidelicet
1118 3977 1204 4049 gratia
1225 3975 1357 4044 liegcnsis
1382 3977 1538 4046 episcopus,
1564 3987 1592 4032 et
1614 3992 1657 4032 ma
1678 3978 1744 4033 ister
1766 3989 1909 4034 assumtus

285 4049 392 4114 ciuitas,
408 4059 435 4103 et
447 4045 498 4100 alia
509 4046 629 4114 quedam
644 4045 714 4111 loca,
728 4048 754 4101 in
768 4046 866 4116 quibus
882 4049 964 4102 totins
979 4046 1068 4116 pravi·
1118 4046 1265 4102 canomcns
1275 4044 1560 4115 lanuensis,spiritnm
1583 3993 1690 4103 constiti
1707 4047 1834 4103 sanioris.

284 4120 350 4175 tatis
362 4117 493 4173 haereticte
507 4115 680 4184 reliquiarum
692 4118 820 4187 spurcitia
834 4133 864 4173 se
877 4116 994 4188 collegit,
1007 4132 1067 4186 quar
1153 4117 1245 4187 Nuper
1253 4117 1358 4172 litteras
1366 4127 1471 4172 vestras
1480 4131 1527 4185 per
1535 4117 1810 4187 quemdammilitem,
1819 4116 1908 4184 Quam

285 4189 338 4246 nisi
354 4188 433 4244 luerit
452 4203 499 4256 per
516 4185 748 4256 longanimitatem
764 4197 859 4244 vestrae
871 4200 971 4244 sanctae
994 4187 1069 4242 sulli-
1117 4188 1218 4244 bonum
1232 4187 1351 4251 nornine,
1367 4188 1528 4255 recepimus,
1544 4189 1571 4242 in
1595 4189 1768 4258 quibuslicet
1783 4187 1909 4244 contiue-

204 4309 210 4324 ,
286 4260 414 4315 citudinis
428 4256 519 4311 avulsa
536 4255 654 4312 lrtrrtlitus
669 4267 695 4312 et
708 4258 836 4313 radicitus
848 4261 1006 4328 exstirpata,
1021 4273 1068 4328 ge-
1118 4268 1195 4315 retur
1217 4272 1345 4328 expresse
1358 4262 1430 4327 quod
1445 4259 1532 4328 parati
1547 4261 1631 4314 eratis
1654 4259 1791 4314 mandatis
1805 4257 1909 4313 nostris

285 4330 387 4385 nimina
400 4327 491 4400 procul
505 4327 585 4382 dnbio
602 4329 753 4398 viperarum
767 4332 893 4399 etspuria
910 4329 1067 4384 vitulamina
1119 4329 1258 4384 lrunriliter
1274 4327 1394 4392 obedire,
1409 4344 1457 4384 ros
1483 4338 1572 4384 tannen
1596 4343 1684 4398 neque
1698 4328 1838 4383 mandatis
1857 4328 1909 4381 do·

284 4399 383 4455 iterum
395 4398 570 4470 pullulabunt,
583 4409 611 4452 et
625 4400 703 4468 longe
716 4401 876 4456 deteriorem
892 4401 981 4470 priore
994 4412 1068 4453 mor·
1118 4400 1184 4454 mini
1198 4413 1274 4469 papae
1299 4400 1445 4454 secundum
1470 4409 1591 4454 tenorem
1612 4399 1734 4468 rescripti
1754 4399 1828 4467 quod
1842 4395 1908 4455 oiim

284 4471 349 4526 bum
365 4468 465 4525 sacient
487 4467 642 4523 recidivum.
660 4469 714 4524 llus
734 4472 824 4542 igimr,
841 4470 997 4526 beatissime
1020 4486 1068 4540 pa·
1123 4468 1280 4525 obtinuistis
1302 4469 1337 4524 ab
1357 4470 1427 4536 ipso,
1445 4482 1532 4539 neque
1544 4473 1679 4526 mandatis
1695 4484 1756 4538 qne
1774 4468 1854 4524 vobis
1869 4465 1909 4521 le·

284 4549 338 4606 ter,
354 4555 421 4610 quos
443 4541 689 4610 tanquampropius
708 4543 809 4610 positos
828 4542 913 4611 magis
930 4543 1066 4610 negotium
1083 4541 1205 4616 „cimus
1220 4540 1247 4593 in
1271 4539 1388 4594 coneilio
1411 4541 1482 4610 apud
1500 4541 1630 4594 Sanctum
1650 4539 1803 4613 AEgidinm.
1816 4551 1908 4610 neque

284 4612 356 4668 istud
371 4612 467 4683 tangit,
492 4611 691 4666 sanctissimam
705 4613 831 4678 pietatem
846 4622 964 4666 vestram
988 4627 1067 4682 roga·
1119 4611 1230 4679 insuper
1245 4611 1378 4665 mandatis
1396 4620 1424 4665 et
1441 4610 1551 4664 monitis
1573 4610 1722 4682 legatorum
1733 4622 1761 4666 et
1776 4608 1908 4666 nectere

283 4698 358 4746 mus,
370 4683 490 4752 tusisque
500 4681 599 4736 votivis
613 4682 740 4752 lacrymis
752 4696 899 4738 exorarunt
915 4682 943 4737 in
955 4680 1066 4737 siscen-

227 4793 231 4802 .
283 4753 336 4808 bus
349 4751 415 4808 lesu
433 4751 544 4816 Christi,
562 4763 696 4821 qnatenus
708 4760 803 4808 nostro
815 4753 985 4822 aliorumque
996 4767 1066 4823 prar-

283 4823 401 4878 lntorum
413 4822 514 4946 jugulis
529 4830 556 4878 et
571 4821 754 4878 Ecclesiarum
775 4823 946 4886 substantiis,
966 4823 1067 4892 quihus

283 4894 392 4949 comitis
406 4893 444 4948 'lo
456 4894 533 4950 osani
548 4903 575 4946 et
590 4892 640 4946 lilii
651 4892 719 4960 ejns,
733 4893 755 4948 si
771 4901 952 4965 resurgerent,
963 4893 1068 4962 gladius

283 4964 488 5020 inexorabiliter
499 4962 663 5027 immineret,
675 4964 886 5034 misericorditer
898 4963 1067 5033 prospieien-

284 5048 324 5090 tes
344 5035 371 5090 in
394 5045 542 5106 posterum,
565 5034 672 5103 negotio
687 5035 762 5104 pacis
774 5044 801 5090 et
817 5034 892 5102 lidei,
912 5033 983 5106 quod
1008 5042 1065 5089 tam

279 5193 374 5322 110(69)
385 5193 552 5280 ‘biterrensis
572 5192 759 5264 suffraganeus
779 5193 975 5264 archiepiscopi
998 5191 1067 5249 Nar-

318 5282 417 5320 nensis.

316 5337 372 5408 (66(
381 5336 488 5404 doceto,
498 5335 537 5392 sic
547 5336 572 5390 in
585 5345 638 5392 vet.
647 5349 688 5390 ms
698 5331 967 5392 bibliothecaesancti
976 5333 1068 5389 Victo-

279 5408 319 5463 ris
342 5405 492 5472 Pariensls,
518 5407 544 5461 in
568 5422 623 5477 quo
641 5416 730 5461 exstat
755 5406 867 5477 epistola
890 5405 1063 5474 praelatorum

279 5477 402 5532 Francire
414 5479 459 5549 (de
472 5493 525 5548 qua
538 5480 630 5549 supra)
646 5479 679 5531 ad
696 5476 861 5532 Bonilacium
877 5488 971 5545 papam
988 5472 1067 5527 Vllle

280 5547 449 5604 sanctissimo
462 5547 532 5621 petri
542 5560 567 5602 et
581 5549 747 5603 dominusne
762 5547 916 5602 charissimo
928 5546 973 5598 do.
986 5543 1069 5598 lioni-

279 5618 348 5685 focio
360 5620 447 5673 diuina
458 5620 618 5688 prouidentia
629 5617 658 5673 S.
671 5615 703 5674 R.
717 5615 750 5672 Ε.
763 5635 794 5672 oo
805 5615 958 5670 uniuersalis
967 5629 1067 5668 tenente

279 5689 451 5756 pontificisad
465 5691 575 5743 humiles
598 5689 681 5743 deuoti
706 5687 892 5758 archiepiscopi
899 5727 907 5751 ,
933 5684 1063 5756 episcopi,

279 5766 344 5818 etc„
359 5759 450 5811 denoto
461 5763 555 5826 pedum
569 5759 658 5813 osculo
675 5761 818 5815 beatorum.

316 5829 371 5897 (bl)
390 5827 513 5895 Sentius,
527 5844 587 5899 quse
601 5830 688 5887 hodiae
709 5830 817 5899 pietatis
835 5827 1010 5897 omniumque
1025 5823 1065 5910 di·
1088 5896 1108 5903 -

1119 4695 1180 4751 qsae
1195 4681 1274 4736 robis
1297 4693 1368 4748 apuu
1391 4679 1545 4734 Narbonem
1565 4688 1594 4734 et
1613 4680 1908 4750 llontempessulaoum

1119 4753 1290 4822 postmodum
1319 4752 1389 4805 lacta
1413 4751 1533 4817 luerunt,
1546 4751 1680 4807 obedistis
1699 4753 1729 4806 in
1754 4750 1849 4820 aliquo
1862 4750 1907 4804 rel

1119 4821 1203 4876 etiam
1226 4820 1353 4888 obeditis,
1368 4822 1438 4878 sicut
1457 4835 1507 4891 per
1525 4821 1688 4878 euidentiam
1706 4821 1797 4890 operis
1821 4819 1908 4875 urani·

1120 4889 1190 4946 leste
1216 4897 1339 4961 apparet.
1354 4889 1427 4948 Sane
1446 4899 1591 4962 postquam
1614 4891 1767 4948 recessistis
1782 4889 1906 4954 anobis,

1122 4963 1244 5031 abjurata
1260 4961 1374 5032 pedagia
1388 4961 1416 5017 in
1428 4971 1523 5017 vestre
1533 4961 1614 5018 lame
1625 4977 1657 5020 ac
1670 4963 1768 5020 animae
1779 4959 1908 5044 praisdi-

1121 5033 1193 5088 cinm
1206 5031 1390 5103 multipliciter
1400 5031 1559 5099 adauxistis,
1573 5042 1612 5101 et,
1625 5043 1658 5089 ut
1669 5035 1697 5088 in
1711 5046 1806 5103 pancas
1820 5030 1908 5087 multa

1121 5193 1294 5264 sciplinarum
1307 5192 1436 5248 nutriret
1449 5191 1623 5248 domicilium.

1156 5283 1219 5410 (62(
1230 5282 1356 5354 Legatum
1368 5281 1478 5338 Petrum
1492 5283 1526 5338 de
1539 5281 1707 5362 castronovo
1716 5277 1771 5360 ,de
1791 5291 1848 5348 quo
1861 5292 1908 5333 eu·

1120 5369 1168 5425 pra
1181 5355 1200 5409 h
1220 5369 1296 5420 .1rv,
1307 5353 1387 5425 cplst
1403 5353 1419 5407 ι
1433 5360 1460 5409 ει
1474 5351 1509 5421 ⁸3
1523 5359 1551 5408 st
1564 5351 1611 5407 hb.
1629 5364 1677 5416 xv,
1687 5357 1767 5419 epist.
1780 5346 1809 5406 6.

1133 5516 1139 5529 ⁸
1156 5445 1213 5570 (66(
1231 5443 1366 5529 domionis
1377 5459 1459 5515 quam
1471 5452 1614 5526 acceperat
1623 5441 1717 5500 Rome
1726 5439 1761 5524 ab
1775 5438 1909 5523 lurnooen·

1121 5525 1159 5572 tro
1175 5517 1194 5570 tl
1213 5557 1221 5582 ,
1240 5533 1286 5588 qm
1309 5530 1371 5571 eum
1387 5525 1529 5572 coronavit
1549 5529 1650 5570 corona
1673 5527 1751 5582 pams
1772 5525 1862 5582 azymi
1880 5526 1909 5563 m

1118 5587 1342 5728 ἓείρΐριῖἰξιρξιι
1356 5585 1497 5644 Pancracii
1515 5586 1586 5657 apud
1599 5583 1757 5640 llarinaeum
1770 5579 1812 5635 lle
1830 5581 1908 5635 relus

1155 5751 1212 5823 (bl)
1231 5749 1425 5809 lloerdicorum
1434 5749 1515 5810 bodie
1529 5747 1667 5820 religionis
1683 5745 1814 5807 Eetlesiae
1823 5742 1911 5805 esur·

1110 5838 1194 5908 „carre
1205 5822 1301 5895 patria.
