4109 6325
179 328 244 388 idai

623 334 826 393 ndcts'rtto'tt
848 336 891 393 [lh]
910 334 1061 392 ttecovm
1082 333 1211 392 holtem
1230 330 1369 387 tttrnnrt.

1742 324 1812 381 ibn

177 466 210 504 eo
220 448 266 518 qul
280 447 332 503 rite
344 446 384 501 sie
396 445 476 503 luerit
489 454 633 514 promotus
645 448 671 501 in
683 448 832 518 principem
844 450 971 504 adltotto·
984 454 1007 509 A
1022 446 1204 517 principibus,
1229 444 1358 499 dilectum
1385 442 1471 495 lilium
1495 438 1632 507 AEpitlirttn
1656 436 1810 509 acolythum

176 556 234 595 rem
262 538 455 595 exaltationem
482 536 588 606 imperii
612 540 759 596 ellieaciter
785 541 966 607 intetnlernns,

177 644 238 684 cnm
252 638 280 683 ct
295 628 352 697 ipse
367 626 505 681 tiobiseutn
521 628 625 693 pariter
639 639 666 683 et
681 644 729 698 pro
745 628 822 685 nobis
836 630 869 682 ab
882 629 967 683 hono-

178 734 235 774 rent
256 728 283 773 et
300 717 491 772 exaltationem
512 717 641 772 Ecclesiae
659 718 798 772 intendere
817 718 923 783 debeat,
940 728 970 773 ιιι

177 824 332 879 speramus:
349 810 385 862 ita
399 809 470 878 quod
482 824 515 864 eo
527 808 642 863 faciente
654 809 700 877 qui
714 818 755 862 est
767 809 823 865 ilex
835 824 927 880 regunt
941 820 970 866 et

177 900 307 955 frontinus
321 899 529 966 dominantium,
544 899 670 953 sacerdos
685 900 712 953 in
726 912 857 955 aeternum
872 916 969 955 seeun-

76 1031 81 1039 .
178 993 242 1047 dnm
258 991 382 1046 ordinent
396 988 603 1054 Melchisedech,
623 1005 735 1061 regnum
747 999 775 1045 et
787 989 967 1047 sacerdotium

177 1080 273 1135 diebus
292 1079 394 1135 nostris
415 1080 516 1135 mutuis
538 1081 667 1137 subsidiis
687 1090 810 1150 orttannn
836 1081 969 1151 recipient

176 1172 387 1226 incrementum.
407 1169 495 1240 Super
509 1168 673 1238 iuramentis
691 1170 774 1225 etiam
790 1168 855 1224 illud
875 1178 969 1223 aucto-

177 1259 259 1315 ritate
278 1258 425 1331 apostoliea
443 1266 594 1315 statuemus
612 1262 684 1329 quod
704 1260 739 1315 ad
758 1260 925 1330 purgandam
941 1268 969 1315 et

178 1354 278 1408 fatuam
293 1359 321 1407 et
336 1350 531 1407 conscientiam
551 1350 721 1408 redundabit.
744 1348 821 1405 Unde
836 1365 888 1406 nott
905 1367 968 1421 per·

177 1446 291 1500 mittatis
310 1460 358 1500 vos
376 1444 467 1514 aliquo
490 1445 570 1500 ruodo
581 1444 674 1501 seduci
691 1444 742 1499 snb
756 1444 847 1515 specie
860 1445 968 1514 pietatis

177 1537 259 1594 abiis
272 1538 319 1607 qni
336 1550 389 1591 rron
405 1551 577 1592 communem
591 1536 639 1592 scd
656 1537 802 1606 specialem
824 1536 967 1607 utilitatem

177 1628 336 1699 inquirunt3
348 1626 475 1697 quoniam
487 1628 521 1682 ad
535 1628 587 1681 ltoe
600 1626 787 1697 principaliter
800 1626 880 1682 debet
894 1628 969 1697 pritt-

177 1721 246 1791 cipis
268 1720 366 1775 electio
386 1720 537 1789 procurari,
562 1734 615 1774 tton
641 1728 670 1774 ut
695 1719 868 1791 provideatur
885 1730 969 1777 certas

1021 551 1162 603 nustrrntr,
1182 540 1269 591 rirtntr
1294 534 1435 606 providum
1461 543 1488 587 ιι
1507 536 1668 596 discretum,
1688 530 1813 587 nobisct
1892 586 1899 591 ,

1020 632 1149 687 fratribus
1161 630 1262 685 nostris
1273 628 1370 683 nterito
1385 642 1441 681 strae
1454 625 1598 695 probitatis
1611 632 1763 695 accepturu,
1776 624 1811 679 ad

1021 732 1047 778 te
1061 722 1248 793 principaliter
1259 729 1286 774 et
1297 722 1331 775 ad
1343 720 1412 775 alios
1424 720 1561 789 principes
1574 720 1750 783 destinamus,
1763 734 1811 789 per

1020 815 1107 883 ipsunt
1118 822 1145 867 et
1158 814 1262 867 litteras
1275 826 1343 881 tpras
1355 811 1497 879 dirigimus
1515 810 1684 881 principibus
1700 810 1811 885 uniret·-

1019 904 1058 959 sis
1074 902 1234 959 intentionis
1252 911 1351 956 nostrae
1368 901 1565 969 beneplacitum
1580 910 1604 957 et
1617 901 1726 956 salubre
1744 915 1811 956 cott-

1019 993 1121 1057 siliunt,
1141 993 1211 1048 sicut
1235 1007 1267 1047 cx
1291 993 1331 1046 eis
1346 990 1473 1058 colligere
1495 992 1607 1061 poteris,
1633 992 1755 1062 apertius
1768 992 1811 1047 itt·

1020 1094 1145 1139 nuentes.
1165 1082 1304 1150 Rogarnns
1322 1082 1404 1153 igitur
1423 1081 1624 1138 fraternitatem
1646 1092 1732 1146 tnarrt,
1756 1097 1812 1138 tno·

1019 1184 1115 1231 nentes
1135 1175 1266 1230 attentius
1289 1184 1316 1229 et
1336 1175 1514 1231 exhortantes
1533 1174 1558 1230 itt
1575 1174 1700 1237 llontino,
1720 1181 1748 1227 et
1764 1186 1812 1241 per

1019 1264 1167 1336 apostolica
1194 1263 1242 1318 tibi
1270 1266 1372 1335 scripta
1402 1264 1563 1319 rttartdanttts
1588 1273 1723 1334 urtatentts
1747 1276 1811 1317 cnrrt

1019 1354 1098 1424 plene
1120 1353 1297 1409 intentionenr
1324 1362 1462 1418 nostr-aut,
1490 1370 1550 1409 cunt
1575 1354 1665 1407 adbuc
1692 1367 1812 1423 praescus

1018 1444 1089 1512 apud
1115 1460 1166 1501 nos
1194 1445 1343 1509 existeres,
1373 1444 1557 1511 intellexeris,
1590 1443 1679 1497 taliter
1706 1458 1812 1496 annuas

1018 1538 1090 1593 rotis
1118 1537 1242 1602 nostris,
1270 1536 1362 1591 taliter
1385 1535 1412 1590 in
1442 1536 1493 1591 lroe
1520 1532 1683 1606 nepotio'te
1709 1532 1811 1586 habere

1018 1642 1151 1699 procures
1185 1639 1214 1684 ιιι
1243 1638 1339 1684 ιοιιιιι
1368 1642 1540 1683 communem
1575 1626 1719 1682 utilitatem
1756 1635 1811 1680 tarn

1019 1720 1148 1777 Ecclesiae
1169 1736 1251 1791 quarn
1270 1720 1377 1790 imperii
1390 1719 1454 1773 ttiltil
1469 1720 1578 1786 penitus
1589 1727 1748 1772 attentetur.
1767 1718 1808 1773 ltu

158 1814 367 1882 .prcrsottae,serl
378 1822 407 1867 nt
422 1813 577 1881 reipublice
591 1812 772 1870 consulatur:
788 1814 860 1882 quod
875 1814 968 1885 utique
983 1786 1005 1840 Β
1020 1811 1099 1877 haee,
1116 1813 1275 1882 praedictum
1300 1812 1453 1876 acolptlrnrn
1468 1820 1590 1865 nostrum
1612 1810 1728 1880 lrettigtte
1742 1811 1811 1864 reci·

178 1906 236 1959 ftcri
250 1920 304 1959 non
319 1913 418 1975 potest,
432 1905 484 1959 nisi
497 1919 611 1974 persona
624 1903 755 1974 principis
767 1905 879 1974 protida
894 1905 930 1961 sit
940 1914 968 1960 et

174 1999 257 2066 justa,
273 2007 384 2051 strenua
403 2005 432 2050 et
450 1995 575 2074 ltnrresta.
599 1994 634 2052 Ut
650 2004 743 2051 autem
760 1996 793 2052 de
810 2005 904 2051 nostro
922 1995 969 2050 be·

162 2082 312 2157 ¹r'trplaeito
327 2096 355 2142 et
372 2086 485 2142 consilio
506 2088 656 2143 reddamini
679 2088 823 2154 certiores,
840 2087 968 2143 dilectum

177 2180 260 2236 filiurn
273 2179 411 2248 AEgidittut
421 2178 577 2251 acolythum
591 2190 714 2236 nostrum
726 2181 813 2236 virum
826 2180 968 2251 providum

175 2284 204 2327 et
216 2272 376 2336 discretum,
393 2270 471 2333 nobis
490 2281 517 2326 et
541 2271 671 2327 frutribus
685 2274 785 2328 nostris
803 2273 900 2327 merito
913 2288 969 2329 snae

119 2378 139 2391 ··
174 2362 320 2435 probitatis
332 2374 485 2433 acceptum,
502 2364 536 2418 de
550 2362 629 2431 cnjus
645 2364 724 2434 plene
738 2364 869 2419 fidelitate
881 2362 968 2419 conli-

175 2457 273 2519 tlitnus,
289 2454 324 2509 ml
337 2470 386 2509 ros
401 2454 526 2511 duximus
541 2454 743 2520 destinandum,
759 2456 802 2510 cui
820 2455 847 2509 itt
865 2457 897 2509 iis
909 2470 968 2525 prta

176 2546 251 2602 robis
263 2560 295 2601 et
309 2554 387 2616 parte
399 2555 490 2601 nostra
503 2554 635 2618 proponet
647 2547 796 2602 indubitata
808 2547 861 2602 ftde
873 2548 970 2602 creda·

177 2637 380 2709 visitatorem
396 2652 444 2707 per
458 2637 585 2695 falsarios
601 2638 685 2693 multa
705 2637 793 2693 solent
808 2638 907 2704 sapius
919 2640 969 2695 ob-

177 2729 269 2795 tineri,
281 2729 304 2785 si
320 2727 422 2793 forsan,
439 2729 511 2799 qtrod
532 2744 585 2785 non
598 2729 746 2795 credimus,
761 2728 858 2799 aliquae
872 2729 969 2785 littera

1020 1906 1096 1975 pias,
1113 1912 1140 1957 et
1154 1920 1185 1960 ea
1199 1920 1259 1973 «pue
1279 1904 1325 1958 tibi
1338 1919 1370 1958 er
1386 1912 1463 1973 parte
1481 1912 1573 1957 nostra
1588 1900 1696 1955 duxerit
1713 1913 1811 1969 propo-

1022 1996 1111 2048 nenda
1125 2004 1151 2047 ct
1164 1994 1223 2049 sine
1238 1993 1407 2048 dubitatione
1420 1991 1518 2047 credas
1530 1998 1557 2045 et
1570 1988 1680 2045 studeas
1695 1986 1810 2044 etheaei·

1021 2094 1063 2140 ιιι
1075 2084 1235 2155 adimplere,
1256 2093 1285 2139 nt
1297 2082 1371 2139 zelus
1383 2096 1463 2152 quent
1478 2081 1658 2151 injuventute
1674 2086 1719 2133 tua
1735 2078 1810 2134 eirca

1020 2176 1151 2232 bonorem
1174 2174 1302 2233 Ecclesiae
1318 2174 1549 2244 praedeeessorum
1573 2178 1728 2227 nostrornm
1740 2176 1809 2225 tent·

1020 2267 1132 2337 poribus
1149 2266 1284 2333 habuisti,
1299 2257 1484 2321 d'iebusetia'rn
1510 2262 1611 2319 nostris
1628 2262 1654 2317 in
1671 2268 1717 2314 tna
1732 2274 1813 2315 sene·

1020 2367 1094 2413 etate
1107 2358 1230 2427 prosiliat
1250 2358 1277 2412 in
1291 2356 1427 2419 ellectum:
1445 2353 1473 2411 et
1483 2355 1529 2425 (pti
1547 2368 1596 2425 pro
1611 2352 1656 2408 illa
1671 2352 1809 2407 ltaeteuus

1020 2447 1140 2519 legitime
1159 2449 1321 2514 certavisti,
1337 2462 1448 2504 cursum
1464 2445 1574 2502 studeas
1595 2443 1633 2499 ttri
1649 2442 1807 2498 certaminis

1020 2540 1194 2596 laudabiliter
1208 2553 1400 2597 consummare
1416 2555 1424 2604 ;
1439 2545 1469 2591 ιιι
1485 2551 1581 2591 secure
1600 2548 1661 2589 cunr
1678 2532 1810 2602 rtpostolo

1020 2632 1142 2689 clames:
1158 2630 1261 2687 Bortttttt
1276 2641 1406 2686 certaturn
1428 2628 1544 2694 certari,
1568 2640 1673 2680 currunt
1687 2638 1810 2677 cottsttnt·

1018 2724 1101 2789 utari,
1115 2722 1193 2791 pidem
1207 2721 1307 2777 temari
1315 2736 1325 2787 ,·
1340 2720 1449 2787 ideoque
1463 2718 1573 2787 reposita
1585 2725 1621 2771 ert
1636 2714 1701 2769 ntiht’
1712 2729 1811 2768 corono

176 2834 270 2879 contra
299 2833 419 2878 terrorem
445 2824 618 2895 praesentium
647 2833 711 2880 ante
736 2824 827 2880 param
854 2825 968 2881 istarum
1015 2812 1140 2882 jrutr'tioe,
1152 2827 1232 2881 raam
1245 2810 1335 2866 reddet
1348 2809 1412 2863 ntilti
1428 2806 1556 2862 horninur
1571 2806 1598 2859 itt
1612 2801 1659 2858 illa
1670 2806 1713 2858 die
1722 2802 1811 2871 J'ttsttrr

176 2915 253 2983 tptasi
266 2932 280 2969 a
292 2916 369 2971 nobis
383 2916 556 2988 apparuerint
571 2916 732 2987 impetratae,
749 2916 823 2985 ipsas
835 2915 969 2973 noveritis
1014 2905 1102 2974 lum
1116 2902 1159 2976 (ll
1177 2902 1246 2957 Tim·
1262 2904 1310 2971 tr).

177 3022 236 3063 esse
249 3006 341 3063 falsas.

213 3100 311 3153 llatnnt
329 3098 468 3154 Laterani.

301 3265 305 3272 Ι
528 3193 610 3250 xxtt.

218 3300 372 3342 menariae
391 3299 614 3350 rnentsrrseoro.
634 3299 759 3340 surseoro
779 3283 936 3339 seruasset

213 3377 290 3433 Sient
305 3377 465 3447 frequenter
481 3375 529 3431 tibi
543 3376 734 3445 proposuimus
748 3374 808 3428 vita
826 3389 903 3440 roee,
917 3388 976 3428 non.

178 3469 282 3539 estqui
306 3477 369 3539 post
390 3467 542 3523 llotnanurn
559 3465 716 3536 pontidectn
740 3463 781 3520 vel
804 3463 829 3518 in
850 3463 969 3519 Ecclesia

178 3559 299 3615 Romana
320 3559 363 3616 rel
379 3560 406 3614 in
421 3558 538 3628 imperio
555 3557 678 3611 bolitano
695 3563 801 3610 tanturn
817 3554 905 3609 locunt
922 3555 970 3610 ob

179 3652 263 3705 tineat
278 3659 409 3720 qnantum
422 3648 529 3704 obtines
544 3647 571 3701 in
587 3655 714 3715 utroque.
729 3643 805 3700 Unde
822 3657 848 3698 te
863 3652 970 3713 oportet

178 3740 293 3797 sollicite
307 3740 422 3811 vigilare
443 3749 472 3794 nt
491 3738 568 3807 juxta
585 3741 657 3810 qnod
675 3741 709 3796 de
731 3750 775 3795 tna
799 3740 970 3795 fraternitate

178 3834 350 3897 corrodimus,
365 3840 394 3886 et
408 3832 537 3886 honorem
552 3832 659 3902 imperii
671 3848 732 3887 ctttn
751 3831 879 3886 Ecclesiae
894 3830 970 3887 exal-

180 3925 282 3979 tatione
296 3939 435 3993 procures,
457 3934 485 3979 et
508 3931 682 3994 angmentum
700 3923 828 3980 Ecclesiae
843 3937 905 3979 conr
920 3921 970 3977 inr-

178 4016 247 4086 perii
264 4029 425 4086 promoveas
439 4012 628 4081 incremento3
643 4023 838 4084 quatenusper
852 4022 904 4068 ture
917 4011 970 4066 sol·

179 4106 326 4162 lieitttdinis
339 4104 458 4161 studium
470 4105 541 4160 inter
553 4103 702 4176 Ecclesiam
718 4114 746 4160 et
761 4104 904 4173 imperinm
917 4118 970 4176 pas

179 4185 306 4270 perpetua
320 4210 506 4254 conservetur.
521 4197 650 4253 bliratnur
662 4207 753 4253 autent
766 4213 819 4252 non
834 4197 970 4252 modicum

178 4289 252 4358 quod
267 4303 328 4342 curn
346 4286 453 4358 publice
467 4287 545 4341 nobis
557 4303 651 4342 eoram
668 4288 797 4342 fratribus
811 4284 970 4356 promiseris

179 4381 239 4435 viva
254 4394 319 4436 rece
333 4381 404 4450 qnod
418 4379 486 4434 nilril
500 4379 576 4448 prins
592 4379 709 4434 llnalitcr
722 4381 755 4434 tle
771 4363 877 4448 imperii
893 4378 969 4434 ordi·

1056 2994 1322 3061 ostentarentur.

1370 3081 1462 3141 lllllll.

1092 3195 1179 3236 noant
1198 3191 1333 3254 tauerner
1348 3190 1505 3231 sntnrnrtn
1523 3190 1557 3228 er
1572 3189 1652 3229 urottt
1667 3186 1739 3228 stus.

1059 3258 1098 3344 (b)
1113 3272 1153 3327 dd
1171 3279 1293 3326 nostram
1310 3267 1438 3322 noveritis
1460 3263 1628 3320 audientiam
1652 3261 1810 3333 peruenisse

1021 3362 1219 3435 quodquidam
1244 3359 1430 3432 genealogiam
1450 3365 1570 3412 vestram
1593 3355 1702 3423 alonge
1719 3351 1812 3407 calcu·

1019 3454 1121 3521 lantes,
1138 3453 1263 3509 dilectam
1284 3453 1310 3506 in
1325 3451 1434 3506 Christo
1458 3447 1541 3502 liliam
1559 3456 1678 3500 nostram
1693 3442 1810 3500 nobilcttt

1020 3547 1163 3603 mulierem
1188 3541 1325 3616 [blarianr]
1346 3542 1429 3597 tiliam
1449 3551 1567 3595 vestram
1594 3536 1756 3594 charissimo
1782 3536 1809 3589 itt

1019 3634 1129 3692 Christo
1154 3633 1210 3690 ftlio
1231 3645 1325 3688 nostro
1348 3630 1439 3687 Ottotti
1467 3631 1522 3685 lilio
1544 3627 1680 3699 qnondam
1697 3624 1812 3678 illustris

1020 3727 1160 3783 taetrioris}
1174 3723 1309 3798 illertricil
1325 3723 1401 3779 ducis
1415 3722 1539 3778 Satroniru
1552 3733 1652 3790 sponso
1664 3732 1714 3772 sno
1725 3717 1812 3772 eleeto

1020 3828 1049 3874 et
1061 3828 1191 3875 coronato
1212 3818 1239 3872 itt
1257 3833 1347 3887 regern
1361 3813 1499 3870 alhuitatis
1511 3813 1581 3866 linea
1600 3811 1669 3866 ultra
1682 3818 1809 3880 qnarrunt

1021 3911 1146 3984 gradum,
1162 3910 1233 3980 qnod
1246 3925 1293 3966 vos
1307 3925 1360 3964 nort
1377 3904 1582 3978 recognoscitis,
1597 3903 1741 3958 mussitant
1752 3915 1813 3970 pet·-

1022 3999 1128 4067 tinere,
1141 3999 1203 4054 licet
1217 3997 1418 4054 matrimonium
1432 3996 1522 4067 ipsunt
1537 3993 1627 4048 nullus
1641 3999 1760 4046 accuset.
1778 3987 1814 4044 tn

1022 4099 1114 4145 autem
1133 4090 1300 4146 conscicntia
1315 4096 1404 4144 vestra
1422 4103 1475 4143 nort
1506 4093 1560 4140 tarn
1585 4090 1715 4154 purgetur
1730 4093 1812 4150 qnam

1023 4179 1231 4246 consolidetur,
1246 4179 1297 4233 luit
1317 4179 1483 4248 postulatura
1497 4193 1511 4230 a
1534 4173 1611 4230 nobis
1624 4183 1652 4226 ιιι
1666 4184 1747 4241 snper
1761 4170 1814 4223 boe

1022 4275 1198 4344 dignaremur
1227 4269 1440 4327 misericorditer
1463 4269 1630 4338 dispensare.
1647 4263 1676 4318 Si
1687 4273 1753 4332 erge
1770 4275 1813 4313 res

1022 4364 1060 4419 ita
1075 4364 1207 4430 sehabet,
1225 4369 1337 4430 secure,
1361 4371 1472 4431 propter
1497 4357 1608 4413 multant
1635 4363 1664 4409 et
1687 4365 1813 4422 magnam

179 4477 290 4530 natione
306 4483 441 4529 tractares
461 4489 543 4542 quatu
561 4487 609 4542 per
629 4474 732 4527 litteras
746 4483 774 4526 et
786 4472 896 4526 nuntios
909 4480 971 4525 tues
984 4445 1009 4504 ⁰
1023 4456 1166 4512 “fiilialem
1177 4472 1238 4528 (1⁰²⁰
1248 4457 1282 4511 ⁴¹0
1297 4457 1356 4526 59⁸⁰
1371 4450 1546 4510 matrimonio
1561 4453 1725 4518 llf⁰l0¹¹l¹¹la
1751 4455 1812 4511 ⁵9⁰·

179 4575 280 4623 nostrae
295 4563 450 4621 consuleres
458 4564 657 4635 beneplacitum
671 4563 826 4629 voluntatis,
836 4579 932 4633 nuper,
944 4566 971 4619 itt

179 4663 316 4732 colloquio
330 4660 407 4736 qnod
418 4660 469 4713 fnit
486 4660 557 4712 inter
571 4660 762 4713 rlntlernactttn
782 4666 809 4711 et
827 4656 971 4713 Confluen-

180 4758 256 4820 tiam,
271 4763 298 4810 te
312 4759 488 4823 procurante,
497 4749 565 4804 sicot
580 4763 629 4818 pro
641 4757 718 4804 certo
732 4747 889 4811 didicimus,
898 4749 971 4804 eele-

179 4846 299 4912 brutum,
322 4843 425 4914 aliquid
447 4837 547 4897 diceris
568 4841 645 4911 quasi
662 4839 779 4896 littaliter
802 4841 970 4906 tractavisse,

180 4954 240 4995 eunt
253 4936 324 4992 faeta
335 4934 611 5005 compromissionem
623 4931 754 5001 quostiam
766 4931 903 5000 principes
916 4940 970 4985 tarn

177 5027 380 5084 ecclesiasticos
398 5041 479 5095 qrtam
497 5026 579 5099 etiarn
599 5023 761 5086 saculares,
782 5022 855 5090 qnod
870 5019 907 5074 illi
921 5021 970 5075 de·

178 5116 316 5173 erereriut
324 5116 351 5170 itt
363 5115 497 5185 colloquio
509 5116 578 5184 qnod
590 5115 617 5168 in
630 5115 752 5182 proximo
762 5126 804 5169 est
813 5113 969 5168 condictum

179 5207 214 5261 alt
225 5205 360 5261 universis
370 5206 468 5260 debeat
480 5202 630 5259 observari.
643 5202 710 5269 Quia
723 5218 787 5258 t'ero
801 5218 852 5258 trec
863 5201 969 5257 litteras

179 5312 230 5352 nee
243 5297 353 5353 nuntios
367 5309 448 5366 snper·
461 5297 522 5360 ltoe,
537 5295 600 5350 licet
611 5303 833 5364 expectassemus
847 5308 899 5348 non
914 5308 971 5348 uto·

180 5393 283 5454 dicunt,
303 5405 318 5445 a
334 5401 379 5447 tua
396 5389 569 5445 fraternitate
586 5388 750 5458 recepimus,
771 5401 805 5442 ne
817 5388 971 5442 videremur

179 5482 278 5538 merito
293 5481 457 5554 negligentes
470 5481 492 5535 si
506 5482 672 5550 propositum
686 5489 809 5535 nostrum
823 5488 968 5548 attteuuarn

178 5575 337 5645 pradictum
350 5573 513 5644 colloquium
527 5573 680 5629 celebretur
691 5588 743 5627 nort
755 5571 969 5642 expritncrcntus

214 5750 254 5821 (a)
269 5750 334 5807 Vide
346 5750 416 5805 infra
431 5751 511 5822 cpist.
525 5753 569 5806 ⁰5.

1024 4556 1118 4616 ratur,
1135 4551 1168 4606 ad
1183 4549 1445 4605 consummationem
1469 4543 1552 4614 ipsius
1568 4555 1628 4594 ctnn
1648 4534 1732 4591 divini
1761 4547 1812 4589 no-

1022 4642 1104 4698 ntinis
1120 4643 1272 4698 reverentia
1285 4639 1449 4711 procedatis.

1059 4734 1157 4790 batum
1169 4732 1308 4789 Laterani.

1367 4819 1462 4874 xxiv.

1240 4924 1593 4972 sntnerrtttnsrtrttrnms.
1638 4929 1640 4934 ·

1059 5011 1120 5067 lltii
1134 5010 1179 5078 qui
1194 5021 1275 5076 super
1290 5002 1445 5076 provisione
1456 4999 1572 5069 imperii,
1587 5013 1667 5067 qnam
1683 4996 1738 5051 fore
1755 4995 1812 5063 lau·

1022 5102 1137 5158 dnbilettr
1150 5100 1176 5155 in
1191 5096 1316 5154 onrnibtts
1332 5093 1513 5154 affectamus,
1530 5089 1630 5144 nostris
1642 5086 1753 5140 martiris
1769 5100 1813 5139 sa-

1022 5195 1144 5260 lubribus
1165 5191 1361 5260 acquiescent,
1383 5183 1538 5255 apostolicae
1564 5180 1636 5237 sedis
1660 5177 1813 5248 patrocinio

1021 5285 1165 5358 specialius
1192 5281 1345 5348 foveantur,
1370 5275 1551 5350 praesentibus
1571 5271 1669 5328 litteris
1684 5268 1812 5325 duximus

1021 5377 1202 5434 intimandum
1212 5374 1283 5446 quod
1297 5369 1447 5440 omnesqui
1461 5381 1522 5424 curn
1535 5379 1579 5431 eo,
1592 5363 1638 5433 qui
1654 5367 1812 5428 assumptus
1856 5423 1859 5429 Ι

1020 5468 1048 5524 in
1064 5469 1235 5539 principem,
1251 5473 1372 5522 nostram
1387 5459 1537 5518 obtinuerit
1557 5446 1673 5528 gratiam
1694 5459 1722 5508 ιι
1736 5448 1811 5504 faro-

1021 5577 1090 5627 rent,
1105 5559 1327 5631 compositionem
1342 5553 1454 5612 inierint
1462 5593 1470 5623 ,
1485 5564 1567 5622 sopor
1579 5539 1807 5618 possessionibus,
