4109 6325
280 304 335 369 iiii
715 306 910 379 llutouttuutt
947 304 981 362 tll
999 303 1052 362 PP.
1070 299 1309 371 mansuescit
1327 299 1480 363 tlu.1tl.
1855 302 1908 363 boii
1951 336 1962 359 a

189 420 195 438 '
280 427 338 485 rint
361 429 510 503 quastione
536 428 608 500 quod
634 440 684 500 per
707 427 1015 487 excommunicationem
1040 435 1067 483 et
1080 426 1106 487 Α
1119 426 1231 483 honore.
1249 427 1308 483 lion
1322 426 1410 483 solum
1435 420 1678 496 igitur'proridum
1699 429 1726 479 el
1750 422 1909 481 rationabile

280 520 456 578 interdictum
471 518 530 577 sine
542 532 623 575 causa
639 517 792 578 rationabili
808 521 841 577 ab
852 520 979 577 electoet
994 518 1070 575 olera
1120 517 1222 576 lacuum
1236 520 1388 591 legatorum
1407 526 1568 574 noetromm
1579 515 1699 573 dehitarn
1718 515 1845 572 volumus
1861 517 1909 573 lir-

281 610 472 669 Laudunensis
485 611 582 682 saepius
595 620 784 683 grauarentur,
798 611 985 669 illisdurimus
999 610 1071 666 inhi-
1120 610 1242 676 mimtem
1257 610 1375 673 habere,
1390 623 1484 665 rerum
1499 607 1585 663 etiam
1604 620 1689 677 super
1705 615 1806 663 terrant
1823 607 1909 677 ipsam

279 701 397 759 bendum
409 716 444 759 ne
457 704 483 758 in
498 702 572 772 ipsos
583 718 630 761 seu
645 713 731 761 terras
744 714 773 761 et
783 704 900 761 lamilias
912 704 1070 761 eorumdem
1121 702 1199 770 alias,
1212 702 1236 759 si
1251 702 1354 758 diutius
1366 702 1393 757 iu
1407 716 1464 760 sure
1474 700 1695 773 praesumptionis
1705 714 1801 757 errore
1813 700 1910 771 persti-

280 792 342 849 sinc
355 792 509 851 rationabili
528 810 610 851 causa
631 788 920 857 excommunicationis
941 802 968 853 et
988 796 1071 853 inter·
1122 796 1215 863 terint,
1236 794 1446 867 aggravabimus
1474 793 1566 849 taliter
1590 808 1689 849 manus
1709 801 1820 849 nostras
1838 795 1910 865 quod

279 880 345 939 dieti
367 883 514 940 sententias
536 884 749 955 promulgarent,
771 886 948 943 decernentes
974 885 1070 953 huius·
1120 883 1190 941 sicot
1208 900 1258 943 nos
1271 892 1418 941 senserunt
1431 892 1572 955 promptos
1592 884 1626 941 ad
1640 883 1774 955 gratiam,
1794 883 1831 939 ita
1845 898 1908 953 pro-

279 976 524 1042 modiscntentius,
539 970 563 1033 si
581 992 641 1047 qua
661 989 722 1049 poet
741 979 948 1049 appellationem
971 981 1004 1037 ad
1019 994 1071 1035 nos
1121 990 1173 1033 noe
1187 976 1305 1035 sentient
1324 975 1358 1031 ad
1381 973 1545 1039 uindictam,
1558 972 1718 1045 Apostolum
1736 973 1831 1043 titique
1850 974 1910 1029 iuti·

279 1064 399 1139 legitime
422 1067 612 1139 interpositam
638 1070 850 1141 proferrentur,
879 1072 987 1140 penitus
1016 1088 1070 1129 nort
1122 1075 1220 1136 lantes,
1236 1068 1286 1139 qui
1308 1068 1343 1123 ad
1362 1066 1545 1125 ulciscendam
1562 1082 1672 1125 omnem
1696 1066 1909 1129 inobedientiam

279 1168 386 1225 tenere,
401 1173 483 1231 super
502 1160 554 1237 hoc
575 1162 721 1217 venerabili
744 1161 822 1218 lratrl
843 1172 938 1219 nostro
953 1164 1069 1220 htreha-
1121 1166 1343 1231 promptuserat.

280 1252 351 1309 senei
365 1253 590 1324 episcopousnue
604 1254 638 1311 ad
657 1254 801 1312 triennium
821 1256 860 1313 eis
879 1268 1072 1317 conservatore
1157 1253 1254 1308 hatum
1280 1251 1429 1320 Laterani,
1455 1267 1474 1308 ¹¹
1497 1250 1589 1309 Nonas
1613 1248 1709 1320 lunii,
1738 1252 1910 1324 pontificatus

155 1382 162 1391 .
279 1354 419 1399 concesso.
444 1343 521 1401 Unde
539 1346 572 1399 ad
594 1345 681 1416 ipsum
700 1355 761 1415 post
783 1348 938 1419 predictam
958 1359 1070 1405 senten·
1121 1346 1290 1403 massmanno
1303 1345 1510 1407 decimosexto.

278 1434 348 1493 tiam
362 1435 482 1493 habuere
495 1450 645 1493 recursum.
657 1436 710 1493 Sed
721 1437 785 1495 lieet
798 1438 894 1497 luisset
908 1455 999 1497 coram
1013 1424 1071 1511 ipso
1482 1457 1551 1515 ux,

279 1524 437 1596 apartibus
463 1526 564 1583 diutine
589 1529 771 1598 disputatum,
798 1542 876 1601 parte
901 1532 1012 1603 capituli
1035 1533 1071 1589 ati
1345 1567 1685 1611 „maguntinensem

279 1621 371 1676 ΜΘΗ]
386 1621 560 1691 ¹¹l¹⁰¹¹¹⁰¹¹¹¹¹¹¹
575 1621 739 1692 ¹i¹l¹0¹¹¹¹¹¹¹¹r
754 1638 804 1691 l¹0¹
817 1639 891 1695 0¹¹¹,
904 1640 965 1681 ¹¹¹¹
980 1625 1071 1696 ἏΡΡΘΙ·
1221 1644 1499 1718 deprecandorum
1513 1644 1668 1713 heneficium
1685 1646 1808 1717 arctaret.

279 1708 373 1767 lationi
388 1712 533 1767 detulerint
549 1713 635 1783 major
646 1721 673 1769 et
689 1714 785 1784 jurati,
800 1717 979 1786 nequiverunt
990 1719 1071 1788 justi·
1335 1737 1485 1808 (pamfli,
1497 1736 1588 1793 ppppug
1600 1734 1698 1807 Junjp)

280 1801 347 1858 tiam
374 1803 509 1859 obtinere.
536 1803 614 1859 Uttde
634 1805 743 1875 petebat
765 1807 875 1865 nuntius
898 1810 1070 1881 supradictus

278 1908 328 1965 pel·
353 1910 401 1953 nus
426 1896 580 1952 denuntiari
597 1900 758 1954 seutentiam
783 1915 844 1957 esse
859 1901 969 1957 niallam.
990 1904 1070 1959 lutei·

278 1984 358 2043 lectis
376 1988 458 2058 igitur
479 1988 513 2043 iis
531 1996 558 2043 et
579 1988 639 2044 aliis
660 2004 751 2045 coram
770 1994 907 2051 cardinale
924 1996 1071 2067 propositis

279 2092 447 2148 memorato,
463 2083 620 2140 discretioni
633 2095 729 2142 vestrae
744 2102 793 2157 per
806 2086 954 2157 apostolica
968 2089 1070 2159 scripta

279 2176 440 2237 mandamus
455 2183 615 2243 quatenusa
635 2174 737 2243 ntajore
758 2175 903 2245 pejoratis
918 2179 1072 2248 srepredictis

280 2278 362 2333 super
381 2263 414 2319 iis
435 2277 484 2333 pro
500 2263 597 2333 utribus
616 2272 659 2321 est
672 2266 698 2319 in
713 2280 760 2322 eos
774 2265 828 2322 lata
849 2268 981 2326 sententia
996 2268 1071 2323 suid-

279 2355 361 2413 ΜΠ
372 2356 497 2411 camme
512 2358 805 2463 semmaisenoenmm
820 2360 905 2430 ipsam
921 2363 1070 2419 ⁸⁶⁰⁰⁰d⁰m
1122 2408 1321 2465 fraternitatem
1337 2416 1411 2463 tuam
1423 2421 1549 2477 rogamus
1567 2409 1698 2462 attentius
1714 2418 1743 2463 et
1756 2422 1899 2464 monemus

278 2446 394 2507 formam
417 2447 544 2505 Ecclestae
567 2460 690 2520 prottuus
714 2450 850 2518 relaxetis,
870 2464 898 2509 ct
920 2454 972 2510 uisi
996 2454 1071 2510 suthi-
1901 2448 1910 2476 ’

279 2538 384 2596 eleuter
398 2540 567 2596 ostenderint
588 2542 656 2597 inlra
673 2552 729 2599 tres
744 2559 851 2601 tnettses
865 2546 988 2601 eamdem
1009 2562 1072 2604 sen·
1121 2517 1170 2573 W
1187 2501 1336 2573 Μοῦς’
1353 2501 1402 2556 ιώι
1421 2498 1705 2603 ΨΨἈΨΜΜ
1721 2508 1859 2604 (ΜΨ
1876 2502 1911 2557 ⁰¹³

276 2629 391 2685 tentiam
410 2630 634 2693 irrationabiliter
648 2632 733 2690 luisse
746 2636 898 2706 prolatam,
911 2652 961 2693 vos
973 2651 1021 2694 eos
1036 2639 1071 2693 ad
1121 2591 1302 2648 mmmm
1314 2588 1470 2660 mmm
1483 2589 1555 2645 κάκ
1567 2597 1595 2643 ⁶⁸
1610 2596 1733 2644 nomm
1750 2597 1912 2647 mmm

277 2721 500 2778 satisfaciendum
514 2724 644 2793 capitulo,
659 2725 764 2782 sublato
775 2727 963 2799 appellationis
975 2729 1067 2787 obsta·
1121 2690 1215 2738 ”mm
1229 2682 1328 2789 ἀφ’·
1344 2682 1390 2753 ‘¹¹¹³
1404 2695 1419 2736 ³
1433 2688 1460 2789 ξε
1472 2680 1540 2746 ‘⁰¹¹’
1555 2691 1637 2788 ⁰¹⁰⁰⁸
1648 2682 1756 2787 ³⁸⁸¹&
1773 2683 1806 2789 ¹¹·
1817 2684 1913 2789 ‘flicti-

277 2812 359 2881 culo,
386 2828 436 2885 per
461 2828 602 2879 censuram
632 2818 844 2876 ecelesiasticam
872 2824 1068 2895 compellati„
1122 2789 1188 2829 ¹¹⁸1m
1204 2776 1362 2842 ordtnatus,
1380 2775 1422 2831 rel
1436 2774 1594 2845 mlipclesta
1609 2774 1805 2846 Enpoltsutcnsr
1822 2790 1913 2845 prom.

278 2905 398 2961 aufflmri
630 2909 636 2923 .
702 2910 708 2923 .
809 2912 815 2925 .
940 2915 945 2927 ,
987 2916 993 2931 ,
1123 2865 1201 2931 deas,
1215 2866 1257 2922 vel
1271 2867 1298 2923 in
1312 2866 1565 2925 alineccicsiastico
1584 2864 1912 2937 oenehcloonnpetemi:

278 2996 285 3009 .
420 2911 590 3015 p⁰⁵²⁰i⁰d⁰m
614 2924 638 2966 ⁸¹
662 2909 728 2982 ΨΜ
746 2910 829 2968 suem
851 2923 1020 2983 q⁰²⁵⁸'⁰¹¹'⁵'
1042 2925 1072 2972 ⁰²
1122 2972 1217 3031 preces
1229 2968 1256 3016 et
1272 2960 1428 3015 mnrtdatum
1444 2969 1567 3016 nostrum
1585 2958 1675 3015 taliter
1686 2960 1824 3015 auditurus
1835 2961 1913 3031 quoti

276 2994 356 3065 tllnd,
378 3000 560 3069 appellatione
573 3010 688 3070 remota,
714 3002 767 3059 hue
779 3006 910 3063 cunouuico
939 3008 1069 3077 decisuri,
1123 3050 1195 3107 idem
1209 3062 1364 3110 assecutum
1379 3069 1410 3109 se
1435 3052 1551 3125 gaudeat
1576 3052 1649 3119 quod
1673 3052 1795 3119 intendit,
1811 3040 1843 3109 «ει
1860 3068 1914 3122 ¹¹9³

277 3090 411 3148 iacientes
423 3094 494 3165 quod
511 3096 685 3152 decreveritis
702 3097 872 3157 districtione
885 3100 966 3157 simili
985 3101 1105 3200 firmi-c
1122 3142 1295 3201 devotionem
1311 3153 1383 3201 mam
1400 3142 1533 3216 possimus
1549 3159 1602 3200 non
1623 3145 1760 3202 immerito
1771 3160 1913 3204 commem

1218 3234 1258 3290 Tu
1274 3234 1402 3306 denique,
1414 3234 1499 3291 irater
1512 3235 1648 3305 episcope,
1663 3243 1716 3290 etc.

1155 3327 1253 3384 Datum
1271 3325 1409 3396 Laterani,
1427 3325 1612 3393 ldihuslunii,
1633 3325 1809 3396 pontificatus
1822 3328 1913 3384 nostri

1119 3437 1191 3494 anuo
1206 3423 1312 3479 decimo
1326 3431 1415 3479 sexto.

1128 3543 1134 3553 ·
1154 3515 1287 3585 Scriptum
1300 3525 1339 3570 est
1360 3531 1440 3584 super
1461 3515 1510 3569 hoa
1528 3515 1611 3584 priori
1633 3514 1789 3571 Soihiaieusi
1807 3513 1913 3569 Xenio-

1119 3609 1207 3664 aeneia
1224 3607 1352 3674 directis,
1368 3618 1392 3662 et
1403 3605 1595 3676 poenitentiario
1608 3618 1632 3661 et
1643 3606 1767 3678 mopistro
1782 3603 1817 3661 F.
1830 3623 1913 3662 cono·

1119 3703 1177 3758 nico
1196 3699 1420 3769 Xnutorteusiius,
1435 3709 1466 3756 ut
1479 3700 1579 3755 dictator
1593 3699 1742 3770 episcopatur
1756 3699 1792 3754 cd
1811 3699 1840 3754 id
1855 3715 1910 3754 rao-

429 3749 574 3822 ⁶⁰¹fi¹m¹‘
591 3758 745 3862 '‘istium''
759 3758 915 3829 ¹⁶¹¹²⁰¹¹¹¹¹⁸⁸
1119 3799 1198 3845 uenat
1222 3800 1247 3846 et
1271 3788 1503 3857 incurrentium
1528 3789 1552 3845 si
1575 3803 1629 3844 tton
1646 3804 1751 3858 ornnes,
1771 3799 1837 3857 ete,
1856 3791 1912 3846 duo

486 3847 636 3919 (Laterani,
649 3865 667 3906 ιι
683 3849 752 3908 Non.
763 3848 859 3922 lunii.)
1117 3893 1249 3947 mmm,
1265 3889 1318 3936 εις,

313 3935 371 4010 (stt
394 3937 486 3995 Gratia
500 3954 582 4010 quam
595 3942 740 4011 apostolica
748 3947 825 4001 sedes
837 3956 916 4002 terrae
931 3947 1072 4004 restraah
1130 3950 1133 3954 ’
1153 3971 1264 4041 hatum,
1278 3985 1306 4026 m
1322 3989 1412 4046 mm,

277 4023 337 4095 lpsa
356 4029 397 4085 sui
423 4029 580 4087 laudatione
603 4035 722 4090 noscitur
742 4036 916 4108 impendisse,
942 4039 1009 4095 adeo
1025 4049 1070 4099 est

276 4118 355 4176 vohis
375 4129 403 4177 et
422 4121 482 4180 aliis
503 4125 645 4184 manifesta
660 4137 691 4184 ut
711 4143 759 4185 uos
778 4145 849 4196 eam,
863 4145 945 4200 quant
960 4131 1071 4188 abunde

277 4227 358 4284 opera
377 4224 577 4286 protestantur,
592 4219 680 4276 uerbis
697 4235 867 4292 nequaquam
883 4232 1008 4292 oporteat
1022 4237 1067 4278 re·

277 4319 400 4362 censere.
417 4305 515 4364 Verum
533 4309 700 4368 habitatores
713 4312 845 4382 ejusdcm,
862 4329 931 4382 quos
943 4313 965 4368 si
981 4312 1070 4382 etiam.
1233 4289 1361 4361 ssl'm‘lll
1378 4292 1527 4362 “ilmiil‘
1539 4307 1599 4347 ⁶¹¹¹
1617 4292 1727 4363 &3¹⁰¹ss
1742 4293 1789 4350 5¹·

276 4395 505 4465 predecessorum
521 4411 676 4458 nostmrom
698 4417 761 4474 erga
781 4417 828 4460 eos
852 4403 982 4463 heueilcia
1004 4405 1065 4460 uni·
1309 4381 1461 4456 imminit
1476 4400 1542 4440 ¹¹¹¹¹
1554 4385 1615 4442 ¹¹¹¹·
1631 4385 1720 4449 ¹¹¹¹«)

276 4498 355 4541 versa
370 4501 520 4556 cessarent,
533 4507 564 4548 ea
586 4493 641 4550 sola
662 4509 722 4563 num
744 4510 792 4550 tros
816 4495 882 4565 ipsis
902 4496 1065 4552 contulimus
1080 4493 1108 4551 l).
1152 4500 1253 4558 Felicis
1268 4501 1464 4558 reeordationis
1477 4501 1582 4558 inanue
1597 4501 1624 4558 in
1638 4501 1777 4560 Cosmidiu
1792 4503 1912 4560 diacono

277 4575 311 4639 ud
328 4588 486 4648 perpetuam
512 4583 667 4655 apostolice
688 4586 759 4642 sedis
782 4587 952 4649 devotionem
969 4597 998 4643 et
1017 4603 1067 4643 ιιι).-
1117 4593 1273 4662 cardinale,
1289 4593 1319 4648 S·
1341 4595 1374 4650 lt.
1392 4594 1425 4649 E.
1440 4593 1623 4663 cancellario,
1642 4595 1777 4651 deutedio
1793 4595 1910 4652 hertuinc

275 4671 823 4748 strantsufficienterpoterantohlipasse,
835 4680 1068 4749 omniuopraster·
1117 4694 1236 4741 coeunte
1252 4685 1368 4751 subiato,
1384 4687 1557 4754 prebendam
1574 4701 1656 4754 uuam
1673 4686 1744 4740 idem
1758 4686 1787 4740 iu
1806 4685 1911 4741 Ebora·

275 4761 375 4818 ltorum
392 4764 502 4837 ingrati,
523 4778 551 4825 et
564 4767 707 4839 improvidi
728 4767 888 4850 futurorum,
910 4787 964 4826 nou
978 4771 1071 4828 solum
1118 4777 1193 4832 censi
1203 4777 1344 4833 obtinebat
1355 4777 1477 4833 Ecclesia
1489 4777 1589 4834 dilecto
1601 4778 1657 4834 illio
1667 4777 1813 4834 leontardn
1826 4779 1912 4849 ipsius

278 4854 397 4922 debitum
418 4859 498 4915 nobis
509 4874 632 4926 censum,
649 4875 728 4931 ortem
745 4862 851 4918 nonnisi
868 4862 953 4918 semel
964 4864 1068 4934 recepi-
1117 4885 1151 4926 nc
1164 4878 1258 4928 nostro
1269 4871 1361 4944 nepoti
1374 4871 1502 4928 tinuimus
1518 4874 1740 4939 concedendam,
1752 4887 1786 4929 ac
1801 4872 1837 4928 de
1852 4874 1911 4942 ipsa

277 4950 571 5018 ¹1¹l¹¹18¹b¹¹³¹elt¹¹tit
592 4954 794 5021 verumetiam,
815 4954 842 5009 in
864 4962 985 5020 uolitant
999 4952 1073 5029 illiti·-
1117 4963 1243 5018 eumdem
1268 4979 1351 5020 mauu
1370 4966 1479 5036 propria
1503 4967 1661 5022 curarimus
1687 4965 1830 5024 investire.
1850 4979 1914 5020 cre

276 5035 347 5096 riam
368 5049 397 5098 ct
410 5051 606 5116 contemptum,
629 5044 721 5102 littoni
749 5045 865 5116 reprobo
888 5046 1073 5117 adhaerentes,
1119 5055 1213 5113 dentes
1223 5059 1295 5127 quod
1307 5073 1357 5128 per
1369 5057 1456 5128 ipsum
1470 5067 1499 5115 et
1511 5074 1577 5115 suos
1590 5059 1673 5114 multa
1686 5059 1765 5114 robis
1774 5066 1803 5113 et
1816 5057 1912 5126 Eccle-

276 5129 325 5188 W.
352 5132 385 5188 de
408 5133 551 5192 Posterula
573 5135 745 5207 exigetilibus
771 5135 857 5214 cilitiis
879 5137 935 5194 illis
961 5137 1071 5196 vinculi)
1120 5149 1166 5204 siae
1187 5158 1284 5206 vestm
1307 5158 1436 5221 poterunt
1456 5150 1600 5209 commoda
1620 5149 1775 5220 provenire,
1793 5149 1913 5220 ideoque

276 5227 567 5289 excommunicationis
581 5231 724 5290 astrictum
745 5240 773 5288 et
790 5232 965 5289 nihilominus
983 5248 1068 5304 supet·
1119 5239 1290 5296 universitati
1300 5249 1398 5297 restrae
1410 5255 1460 5312 per
1473 5241 1622 5312 apostolica
1635 5242 1738 5311 scripta
1748 5239 1912 5295 mandamus

275 5319 414 5381 hereseos
426 5323 540 5389 crimine
553 5325 713 5384 inlamutttm
727 5327 754 5390 in
764 5337 897 5384 rectorem
908 5341 998 5394 suum,
1009 5336 1071 5398 post
1120 5341 1202 5404 atque
1222 5334 1395 5405 praecipimur
1416 5342 1550 5406 qoamnos
1569 5335 1671 5391 dictum
1688 5332 1864 5389 hmnardum
1878 5330 1914 5385 dc

228 5413 231 5418 '
276 5411 468 5472 inhibitionem
501 5417 665 5476 auctoritate
699 5419 847 5491 apostolica
870 5419 921 5476 sihi
955 5417 1071 5485 lucam,
1120 5433 1220 5480 cetero
1236 5433 1356 5482 restrum
1379 5426 1592 5484 concanonicum
1616 5423 1753 5489 habeatis,
1773 5433 1802 5478 et
1818 5420 1913 5490 tu,ltli

277 5515 514 5578 presumpserunt
527 5509 648 5580 recipere
661 5525 694 5568 ac
707 5519 810 5579 lenem,
821 5510 856 5568 iis
866 5519 894 5568 et
905 5509 966 5566 aliis
980 5510 1071 5568 modis
1121 5515 1234 5582 decane,
1249 5514 1284 5572 de
1295 5516 1353 5588 ipsa
1367 5517 1513 5586 praehenda
1533 5515 1593 5588 ejus
1613 5522 1776 5586 procurator
1797 5513 1910 5569 existas.

276 5597 424 5656 reddentes
438 5601 516 5660 nohis
528 5599 658 5664 oliensam
671 5619 720 5676 pro
732 5603 818 5676 pratia
835 5611 863 5664 et
879 5601 1003 5674 iniuriam
1021 5617 1076 5676 pro
1120 5604 1197 5674 Quod
1217 5616 1309 5666 autem
1327 5622 1409 5682 super
1427 5602 1488 5666 hoc
1502 5608 1616 5666 dilectus
1639 5604 1712 5663 lilius
1731 5603 1914 5674 Pandulphua

1154 1850 1322 1922 Pauperibus
1341 1850 1450 1906 clericis
1466 1850 1620 1921 apostolicae
1637 1850 1800 1922 provisionis
1818 1851 1908 1907 subsi-

1120 1943 1195 2001 dium
1215 1946 1349 2015 denegare
1371 1956 1588 2023 necupossumus
1616 1956 1667 1998 uec
1680 1942 1821 2009 dehemus,
1851 1944 1909 2013 qui,

1121 2037 1267 2095 secuudum
1295 2034 1464 2105 Apostolum,
1493 2033 1557 2089 iacti
1573 2049 1669 2091 sumus
1690 2036 1859 2106 sapientibus
1883 2046 1911 2094 et

1119 2128 1463 2202 irtsipientihusdehitores.
1477 2126 1545 2183 ilinc
1557 2137 1599 2182 est
1611 2128 1682 2198 quod
1693 2128 1848 2199 prodilecto
1857 2129 1911 2186 illio

1121 2316 1248 2372 meritum
1267 2320 1294 2370 et
1320 2313 1449 2369 talentum
1469 2314 1591 2369 scientiar
1607 2312 1750 2386 eullrapari
1773 2314 1910 2383 dicuutur,
1976 2360 1988 2384 ,

278 3185 485 3330 torlttbserrari.
507 3188 584 3257 Quod
611 3189 635 3246 si
658 3204 714 3268 uon
733 3205 841 3260 omnes,
862 3194 906 3264 iis,
928 3203 996 3265 etc..
1015 3196 1070 3258 duo
1122 3235 1198 3292 dm·

279 3287 326 3338 ver
340 3291 409 3344 rum,
425 3286 478 3335 etc.

313 3367 412 3426 ilatum
423 3371 569 3450 hanamal,
584 3389 615 3434 tu
626 3377 688 3434 ldus
698 3375 782 3448 iunii,
796 3379 971 3470 pontificatus
981 3383 1067 3446 nostri

281 3475 353 3530 anno
366 3473 444 3524 sexto
457 3469 573 3530 decimo.

625 3565 715 3622 hvltl.

496 3674 625 3716 ChPiTUhss
643 3675 840 3719 lhsllhltltllto.

1240 4191 1343 4232 bucano
1361 4191 1397 4232 ΕΤ
1414 4191 1547 4232 carleolo
1559 4191 1782 4233 ssouuceustsos.

315 5771 373 5847 itt)
389 5773 458 5836 ilde
470 5777 519 5838 lib.
533 5795 580 5852 rr,
596 5781 676 5855 epist.
694 5781 758 5852 tos,
773 5781 834 5842 ltu.

1121 2220 1911 2294 magistroG.dcsanctoSipismuudodiacono,cuietritas
1995 2252 1999 2261 ·
