4109 6325
261 382 312 439 ιιι
551 355 557 365 ’
703 365 900 428 innocuam
917 360 951 420 ιιι
968 353 1272 421 ennacosronun
1295 353 1359 412 tto.
1379 353 1450 410 ιιι.
1846 347 1901 408 roa

261 483 739 561 tentantiantaprioribnsjndicibua
754 481 965 552 promulgatam,
975 482 1057 547 prout
1070 494 1094 554 Α
1110 483 1182 528 ctarn
1214 469 1384 526 diffinitivam
1409 464 1572 523 sententiam
1601 463 1717 521 drntiter
1729 465 1899 532 observaret.

259 585 363 654 lurtotn
388 583 469 644 toret.
483 577 663 649 appellatione
687 583 792 631 renrota
821 572 986 629 eontlrntare
1011 567 1052 623 rel
1106 578 1158 620 trec
1173 561 1267 618 rendre
1281 569 1461 632 praesumeret
1472 567 1566 614 contra
1580 572 1640 612 earn
1651 573 1658 623 ;
1670 556 1790 628 alioquin
1808 557 1900 628 ipsum

263 676 405 731 infirmare
428 676 569 737 curarent,
585 669 707 738 alioquin
730 669 801 738 quod
823 679 838 718 a
855 659 1055 734 posterioribus
1104 661 1131 711 et
1146 667 1241 708 ornnes
1251 651 1468 709 contradictores
1481 662 1509 706 et
1531 650 1825 730 eracttmntunicationis
1839 651 1900 706 ritt-

260 763 400 835 jndicibus
420 758 584 816 auctoritate
602 766 697 815 nostra
717 754 829 828 proride
853 752 955 806 lactant
982 756 1056 805 esset
1105 747 1166 804 culo
1179 745 1355 802 innodabant.
1372 744 1425 802 Sed
1442 746 1512 802 idern
1529 762 1583 802 non
1597 747 1685 804 solum
1701 755 1796 804 contra
1811 749 1900 820 ipsam

262 869 465 930 percensuram
478 850 693 908 ecclesiasticam
710 850 832 904 lacerent
844 843 951 900 sublato
963 840 1055 912 appel·
1105 840 1270 898 sententiam
1285 840 1378 894 tenire
1396 843 1579 913 praesumpsit,
1593 855 1688 896 verum
1717 841 1801 896 etiarn
1821 843 1901 898 robis

264 950 375 1006 lationis
408 945 553 1004 obstaculo
578 931 773 1000 inuiolabiliter
789 937 941 994 obseruari.
968 932 1055 988 Nullis
1105 944 1133 990 ct
1148 931 1303 988 bominibus
1314 931 1412 988 restris
1426 948 1525 1004 grates
1540 933 1654 1004 ittjurias
1673 931 1814 1003 irrogarit.
1832 931 1902 988 Pro·

263 1043 363 1098 litteris
371 1041 544 1097 obstantibus
556 1046 655 1110 praeter
668 1047 811 1092 assensum
830 1029 947 1101 partium
960 1042 975 1080 a
990 1027 1056 1082 sede
1104 1034 1166 1095 pter
1180 1023 1251 1092 nunu
1274 1022 1344 1077 idern
1358 1020 1465 1090 judices
1476 1025 1503 1079 in
1527 1025 1627 1094 ipsunt,
1654 1033 1783 1094 tanquam
1809 1024 1836 1078 in
1854 1039 1900 1080 rc·

264 1133 413 1204 apostoliea
439 1132 602 1202 impetratis.
629 1127 701 1184 Sane
715 1125 770 1180 duo
789 1123 909 1183 illorum.
935 1119 1056 1175 decanus
1106 1113 1204 1170 bellent
1216 1121 1244 1168 et
1255 1120 1455 1180 contumacem,
1473 1114 1767 1170 excommunicationis
1789 1125 1904 1169 senten·

263 1224 441 1287 videlieet‚et
462 1219 591 1290 magister
611 1214 768 1279 (ianitores,
790 1210 870 1267 tertio
894 1207 997 1278 collega
1013 1205 1056 1274 ip·
1108 1206 1173 1260 tiam
1189 1203 1369 1275 proterentes,
1389 1205 1515 1262 lecerunt
1530 1207 1656 1262 eumdem
1679 1207 1903 1262 exconttttunica·

264 1330 359 1374 serunt
378 1327 409 1369 ac
426 1311 547 1382 legitime
572 1315 731 1369 excusante.
743 1304 868 1375 partibus
887 1296 1055 1361 conuocatis,
1108 1307 1164 1353 turn
1176 1296 1283 1368 publice
1298 1297 1430 1361 nuntiari,
1446 1296 1473 1352 id
1490 1298 1646 1367 ipsotnsuis
1659 1297 1761 1354 litteris
1773 1297 1903 1352 nuntian-

265 1407 430 1466 exantinatis
453 1403 579 1466 testibus,
607 1409 635 1456 et
658 1396 803 1469 publicatis
835 1389 1058 1449 attestationibus
1109 1393 1160 1442 tes.
1169 1385 1227 1457 lpse
1241 1401 1305 1442 acro
1329 1386 1502 1457 iniquitatem
1526 1388 1664 1458 irriqnitati
1685 1397 1713 1443 et
1733 1390 1903 1459 contemptui

265 1499 435 1563 eorumdem,
449 1511 482 1552 ac
495 1492 701 1565 allegationibus
724 1487 869 1559 diligenter
891 1482 1001 1544 auditis,
1011 1481 1056 1552 ju·
1109 1485 1292 1547 contemptum
1307 1491 1456 1546 apponens.
1470 1479 1620 1534 tnonacltos
1634 1487 1744 1534 uestros
1768 1478 1814 1547 qui
1830 1477 1903 1548 apud

265 1593 359 1662 risque
377 1588 473 1645 ordine
485 1587 511 1642 in
523 1584 651 1641 otnnibus
665 1581 825 1644 observato,
847 1576 882 1632 de
896 1574 1059 1646 prudentum
1109 1567 1282 1639 Nongentutn
1300 1564 1448 1623 manebant
1471 1568 1619 1624 crudeliter
1633 1567 1808 1640 petractavit,
1833 1575 1861 1624 ιι
1875 1569 1904 1624 in

265 1677 676 1745 tiroramconsilioprocesaum
689 1667 998 1744 posteriorumjudicunt
1012 1679 1061 1736 per
1111 1658 1236 1714 domibus
1258 1657 1315 1714 suis
1335 1657 1451 1714 detinuit
1473 1660 1513 1714 stc
1542 1659 1663 1715 inclusos
1684 1659 1756 1730 quod
1778 1658 1829 1730 ipsi
1853 1673 1905 1716 nec

266 1769 435 1826 diffinitivam
458 1765 621 1822 sententiam
653 1762 868 1825 confirmarunt,
895 1756 1059 1814 auctoritate
1111 1751 1186 1808 crire
1200 1758 1325 1821 poterant
1341 1765 1391 1807 neo
1402 1751 1436 1805 ad
1447 1766 1494 1806 eos
1508 1751 1589 1822 aliqui
1606 1751 1734 1814 introiret
1748 1759 1904 1822 utrospost·

267 1876 320 1931 qna
346 1857 529 1928 lutrgebaotur
554 1854 660 1910 bruttius
684 1852 837 1908 inbibentes
859 1863 893 1905 oe
913 1847 1058 1919 quisquam
1075 1850 1096 1904 Β
1111 1841 1219 1898 modurn
1234 1841 1366 1896 uiolenter
1379 1841 1501 1913 ejicietis,
1516 1843 1597 1898 rebus
1612 1842 1670 1897 sois
1694 1831 1820 1911 treiniter
1841 1855 1907 1910 spo-

267 1952 295 2007 in
310 1948 497 2022 praejudicium
512 1943 937 2015 coinfirmationisipsiuatemere
959 1935 1061 2007 aliquid
1113 1933 1200 2000 linuit,
1219 1933 1288 1987 allas
1300 1933 1448 1988 eisdamna
1463 1931 1615 2002 etinjnrias
1640 1933 1793 1990 inserendo.
1822 1933 1856 1988 ttt
1876 1941 1906 1987 nt

267 2050 448 2114 praesumeret
467 2048 614 2096 attentare.
629 2035 706 2092 Tarne
729 2049 795 2090 tero
815 2034 884 2090 dicta
901 2029 999 2086 nobilis
1013 2043 1061 2098 per
1113 2025 1312 2080 monasterium
1326 2033 1448 2080 uestrum
1465 2024 1594 2096 fatigaret
1605 2025 1743 2082 laboribus
1758 2037 1786 2081 et
1799 2039 1906 2095 expen-

266 2149 331 2190 anas
344 2142 385 2189 est
399 2139 524 2202 patentes
545 2129 653 2185 litteras
684 2133 832 2198 protestata
856 2123 927 2194 quod
939 2120 1061 2193 praelatae
1112 2113 1161 2178 sis,
1176 2113 1305 2182 quasdam
1321 2127 1335 2166 a
1350 2114 1429 2168 nobis
1452 2114 1566 2170 recitate
1580 2129 1726 2187 suppressa
1737 2123 1764 2169 et
1779 2123 1905 2186 suggesta

267 2225 409 2282 sententiae
423 2224 537 2294 parebat
550 2229 632 2290 atque
654 2226 740 2289 paret
771 2217 883 2272 Detumo
907 2229 956 2268 nos
978 2225 1061 2281 saepe·
1113 2205 1291 2260 nibilominus
1304 2204 1422 2260 salsitate
1447 2205 1481 2260 atl
1496 2205 1609 2263 dilectos
1627 2207 1697 2263 lilios
1730 2206 1824 2263 Sancti
1839 2207 1908 2277 lmpl

268 2315 368 2370 dictant
392 2310 587 2369 sententiatoa
610 2306 738 2363 secundis
762 2314 790 2361 et
815 2303 903 2359 tertiis
926 2299 1063 2371 jndicibus
1112 2307 1139 2354 ιι
1151 2297 1242 2365 barreti
1257 2297 1364 2352 blnrtitti
1383 2298 1494 2356 abbates
1505 2311 1532 2354 et
1551 2299 1584 2355 ll.
1601 2302 1633 2356 de
1648 2301 1750 2358 Sancto
1777 2301 1908 2370 putatne

267 2403 444 2475 approbatam
457 2395 781 2466 auetoritateapostoliea
800 2391 1005 2452 confirmantes,
1021 2386 1063 2442 di·
1112 2387 1273 2443 ‹anontcunt
1287 2385 1459 2458 ¹tironensem
1485 2388 1550 2445 lecit
1567 2389 1671 2447 litteras
1695 2393 1854 2462 impetrari;
1880 2407 1908 2451 ιιι

267 2493 346 2550 lectis
359 2492 422 2548 liliis
436 2491 527 2547 abbati
542 2489 652 2546 Saticlae
668 2482 813 2542 Genoteiae
828 2496 860 2536 ilc
873 2478 956 2551 priori
970 2475 1062 2532 Sancti
1113 2479 1212 2551 quibus
1225 2479 1417 2536 continebatur
1431 2481 1503 2551 quod
1518 2498 1579 2538 cnm
1590 2499 1638 2540 uos
1649 2499 1711 2540 (aum
1739 2499 1821 2555 supter
1847 2501 1909 2557 qiu.

269 2582 379 2638 llartini
403 2580 438 2636 de
450 2579 558 2649 campis
576 2593 624 2648 per
638 2576 740 2644 scripta
757 2582 849 2627 nostra
874 2565 1063 2624 rtrartdarintus
1113 2568 1227 2626 busdam
1237 2571 1455 2640 possessionibus
1468 2580 1495 2628 et
1511 2573 1593 2629 rebus
1603 2573 1664 2629 aliis
1672 2590 1764 2630 coratn
1786 2575 1908 2647 pratens

270 2663 860 2740 nteamdern,sicutetjusta‚auctoritate
877 2655 1063 2724 nostra,sub-
1114 2662 1211 2717 abbate
1226 2662 1334 2717 Sanctae
1355 2661 1498 2720 Gettorelae
1514 2679 1547 2720 ac
1563 2665 1654 2734 priore
1678 2665 1770 2722 Sancti
1799 2666 1909 2724 startia
2002 2660 2008 2671 '

269 2767 326 2822 ltro
361 2763 551 2836 appellationis
587 2759 751 2824 obstaculo,
788 2755 910 2811 lacerent
949 2750 1063 2808 llrtnitcr
1114 2751 1148 2808 de
1160 2749 1272 2822 canapis
1282 2752 1447 2808 auctoritate
1462 2763 1554 2812 nostra
1572 2755 1724 2811 traxissetis
1741 2755 1768 2810 in
1785 2770 1910 2824 causant,

269 2853 423 2920 obsecrari,
440 2850 655 2907 contradictores
665 2863 714 2919 per
732 2860 874 2903 cetrsnrant
898 2837 1064 2898 ecclesiasti·
1115 2841 1196 2898 iidetu
1209 2841 1343 2912 legitimas
1363 2845 1538 2916 exceptiones
1564 2846 1709 2903 admittere
1731 2859 1910 2914 recusantes,

271 2963 333 3001 cant
362 2944 544 3016 appellatione
574 2940 723 3012 postposita
762 2944 977 3007 corripescentes.
1011 2929 1064 2998 Qui
1115 2933 1431 3004 inipsunretquosdam
1453 2937 1578 2994 homines
1599 2951 1663 2994 suos
1685 2939 1913 2994 excommunica-

271 3035 441 3093 wittericum
456 3033 568 3090 ntilitent
584 3031 667 3086 blirrnt
684 3027 804 3099 ejusdem
821 3025 919 3082 nobilis
943 3021 1065 3094 logititue
1116 3025 1197 3080 tionis
1212 3035 1239 3081 et
1255 3025 1281 3080 in
1298 3035 1400 3082 terrant
1419 3025 1478 3096 ejus
1515 3029 1653 3086 interdicti
1675 3030 1823 3086 sententias
1846 3041 1915 3101 post

272 3129 439 3194 citarerunt;
454 3133 482 3181 ιι
510 3139 542 3180 eo
556 3123 584 3179 in
601 3123 721 3193 ipsorum
736 3117 880 3190 praesentia
904 3114 1062 3180 constituto,
1115 3115 1325 3187 appellationem
1341 3119 1433 3176 adnos
1446 3119 1567 3193 legitime
1582 3121 1769 3193 interpositam
1788 3123 1914 3193 promul·

271 3235 304 3275 ea
321 3227 497 3289 parterestra
508 3214 678 3286 propositum
695 3211 800 3267 exstitit
813 3217 979 3263 contraeunt
991 3202 1063 3274 quod
1078 3184 1099 3241 C
1115 3216 1222 3278 garant.
1240 3208 1433 3279 Propterquod
1450 3226 1498 3265 nos
1514 3210 1634 3283 praelatis
1653 3212 1799 3267 abbatibus
1814 3222 1842 3268 et
1865 3228 1913 3267 ca-

272 3296 1064 3381 ipsecontrasaepedictantsententianirenitere-ueniens,
1116 3300 1334 3357 ttontconosnsts
1355 3302 1590 3359 dedimuspuesffs
1627 3305 1654 3360 5„
1683 3304 1820 3360 mandatis
1843 3306 1913 3361 Μ

272 3399 467 3458 transerrabat
486 3397 622 3458 eamdem,
649 3392 697 3449 aed
723 3392 808 3461 ipsunt
834 3388 924 3460 potius
948 3400 997 3456 per
1007 3383 1065 3438 riu·
1117 3392 1267 3448 sententias
1291 3392 1366 3463 ipsas
1381 3392 1535 3449 invenirent
1562 3401 1623 3465 post
1647 3392 1857 3465 appellationem
1876 3395 1915 3450 ad

271 3496 383 3551 letitiam
398 3490 572 3561 infringebat.
597 3485 859 3557 Undcparsrestra
875 3477 1021 3550 postularit
1037 3484 1067 3531 ut
1117 3495 1167 3536 nos
1186 3479 1308 3553 legititnc
1335 3483 1525 3553 interpositam
1552 3498 1611 3540 esse
1623 3482 1701 3552 latas,
1718 3484 1916 3541 denuntiantes

268 3587 518 3660 jtrxtantandaturn
550 3579 729 3652 apostolicum
760 3576 847 3647 ipsum
871 3570 1067 3641 compellerent
1117 3586 1166 3628 eas
1178 3572 1341 3629 atteteritate
1355 3584 1448 3630 nostra
1460 3576 1569 3644 penitus
1585 3574 1675 3633 nullas
1698 3592 1770 3643 esse,
1790 3576 1818 3631 in
1829 3592 1914 3633 causa

272 3681 307 3737 ad
322 3677 541 3736 obseruationem
566 3668 748 3741 ejusdemne
764 3666 823 3737 lpse
847 3673 942 3720 cotttra
953 3669 1066 3717 senten·
1117 3665 1175 3734 ipsa
1192 3665 1372 3735 procederent
1383 3665 1460 3736 juata
1474 3667 1595 3737 priorum
1620 3670 1818 3725 continentiam
1837 3670 1916 3726 litte·

272 3773 339 3827 tiam
355 3767 518 3824 rationabile
539 3763 608 3821 niltil
618 3761 766 3832 objiciens,
783 3758 915 3829 qttastlarn
940 3752 1067 3825 opposuit
1117 3776 1224 3827 aarum
1236 3760 1357 3833 alioquin
1371 3772 1463 3833 partes
1474 3764 1645 3819 retrritterent
1662 3764 1695 3819 ad
1706 3764 1827 3835 indicum
1839 3764 1917 3834 prio·

272 3863 446 3934 exceptiones
459 3855 570 3914 tritolas
584 3855 617 3909 ad
630 3853 766 3924 negotium
783 3847 973 3907 differendum,
994 3856 1068 3899 asse·
1117 3866 1177 3907 nunt
1191 3864 1317 3908 atarneo.
1349 3850 1416 3907 Cant
1436 3854 1519 3923 igitur
1532 3853 1596 3909 dicti
1623 3856 1790 3925 posteriores
1807 3854 1917 3924 jurlices

274 3970 339 4011 reos
353 3952 453 4009 dictum
468 3949 587 4021 priorem
613 3942 707 4000 bancti
730 3940 838 3995 llartini
865 3936 916 3993 sibi
934 3950 995 3991 esse
1019 3949 1067 3990 su·
1118 3956 1166 3998 tos
1178 3942 1212 3997 nd
1231 3958 1309 3998 stram
1326 3942 1678 4013 praesentiantcitarissent‚
1694 3956 1916 4018 procuratorve.

274 4053 410 4117 spectant,
426 4056 476 4113 pro
493 4039 609 4109 eoquod
624 4047 662 4103 ru,
676 4034 713 4089 tlli
725 4035 820 4097 abbas,
833 4032 860 4086 in
876 4044 960 4086 causa
973 4025 1067 4082 Sancti
1118 4032 1167 4088 stri
1180 4032 1336 4086 tnonasterii
1352 4030 1378 4086 in
1393 4031 1513 4101 ipsorurn
1531 4036 1676 4104 praesentia
1699 4036 1864 4091 constitutus
1878 4052 1916 4093 ae

275 4136 384 4195 llaardni
412 4143 555 4191 exsecutor
579 4140 645 4185 ttrite
666 4144 738 4196 eras,
758 4125 830 4197 quod
858 4132 948 4178 tamen
972 4134 1067 4176 rernm
1118 4124 1264 4177 occasione
1287 4122 1440 4191 liujusntodl
1464 4122 1614 4179 litterarum
1643 4124 1823 4195 procederent
1843 4126 1916 4181 inbi-

275 4245 330 4282 non
343 4226 442 4289 tuerat,
455 4225 526 4279 sient
540 4237 574 4278 ιιι
587 4230 665 4291 parte
680 4227 771 4275 nestra
784 4216 926 4272 exstiterat
940 4221 1068 4283 negatum
1119 4212 1178 4268 buit
1192 4211 1363 4285 appellando,
1379 4228 1412 4269 eo
1425 4214 1498 4285 qrrod
1511 4214 1578 4269 lalsa
1594 4217 1766 4287 suggestione
1787 4232 1819 4273 ac
1841 4218 1915 4273 reri·

276 4321 398 4376 «trininno.
424 4318 531 4387 Adiecit
555 4316 638 4372 etiarn
663 4311 735 4383 quod
755 4326 817 4367 cum
836 4307 962 4365 monaehi
976 4302 1069 4360 Sancti
1121 4312 1331 4374 tatesnppressa
1346 4305 1454 4360 lucrant
1478 4306 1640 4376 itnpctratce,
1667 4322 1728 4361 cunt
1745 4308 1778 4362 de
1802 4307 1917 4363 hisern-

277 4408 387 4469 llartini
411 4407 545 4462 accedunt
568 4404 601 4459 ad
632 4400 827 4458 rnorrasterium
851 4408 983 4463 vestr-orn,
1010 4403 1070 4449 tan·
1120 4396 1412 4465 tribusqnaesuperius
1440 4396 1494 4453 sint
1517 4412 1646 4468 expressa
1669 4397 1771 4453 nullent
1791 4398 1917 4455 lacerent

277 4516 360 4573 quarn
373 4498 473 4554 iratres
485 4496 654 4567 recipiuntur
667 4494 694 4548 in
710 4507 752 4558 en,
765 4500 792 4547 et
803 4506 817 4545 e
830 4504 963 4545 eortrcnso
974 4502 1068 4543 mona·
1083 4486 1299 4583 1)ntentionctn.
1313 4487 1381 4555 Quia
1398 4488 1480 4559 igitur
1489 4490 1604 4545 mendax
1622 4500 1852 4559 precatorcnrere
1866 4492 1917 4548 de·

277 4592 356 4650 sterii
370 4592 453 4648 nestri
481 4588 607 4645 tatonacbi
621 4586 791 4656 recipiuntur
814 4583 849 4639 ab
871 4580 936 4647 illis,
958 4585 1070 4650 propter
1121 4586 1167 4641 bet
1182 4584 1289 4655 penitus
1307 4584 1470 4654 impetratis,
1493 4586 1601 4641 dilectis
1629 4586 1691 4645 liliis
1720 4588 1754 4643 Α.
1778 4588 1918 4645 arebidia·

278 4686 351 4759 quot}
369 4699 451 4753 snper
476 4682 520 4738 tiis
538 4680 655 4735 arbitros
675 4676 831 4749 postularit·
845 4674 885 4729 Ad
910 4673 962 4728 lroc
979 4678 1069 4725 autern
1121 4692 1204 4742 corto,
1219 4676 1382 4741 srtccentori,
1397 4677 1539 4732 etelecano
1562 4677 1654 4733 Sancti
1687 4678 1817 4735 Gerntani
1836 4681 1918 4735 Anti·

280 4778 405 4837 ntttmntn
417 4791 481 4847 pars
495 4783 584 4831 restra
599 4771 737 4843 respondit
753 4769 825 4841 qued
836 4782 889 4822 neu
901 4765 955 4821 alio
971 4764 1070 4818 trater·
1123 4769 1288 4827 siedorensis
1312 4768 1472 4825 Parisiensis
1502 4772 1602 4827 nostris
1622 4770 1745 4827 dedimus
1772 4772 1869 4828 litteris
1888 4774 1919 4829 in

281 4869 377 4927 nitatis
391 4867 501 4921 rittculo
518 4865 662 4921 monacbis
683 4861 777 4917 Sancti
790 4858 990 4927 llartiniquann
1002 4854 1070 4909 alio·
1122 4863 1267 4935 pnaeceptis
1286 4869 1422 4931 quatenns
1448 4862 1585 4930 praedictis
1597 4862 1706 4927 litteris,
1725 4876 1793 4931 quas
1808 4872 1921 4920 constat

282 4957 586 5016 runttnonastcriorutn
610 4956 752 5011 arrotraclris
767 4952 835 5024 trigri
863 4950 967 5008 ordinis
989 4949 1074 5006 erulis
1125 4956 1239 5014 ueritate
1251 4956 1332 5011 tacita
1345 4956 1513 5027 impetratas,
1540 4972 1710 5028 trequaqnam
1733 4958 1920 5023 obstantibus,

283 5052 400 5109 astricti.
426 5050 552 5107 Praedieti
582 5066 648 5107 tero
672 5048 790 5119 iudices,
823 5047 887 5103 licet
919 5042 1074 5117 lthnsmndi
1126 5057 1291 5106 etrerncato
1311 5048 1338 5102 in
1372 5048 1517 5104 irritntnsi
1537 5050 1602 5120 qnid
1627 5051 1774 5109 occasione
1794 5050 1922 5119 ipsarum

284 5160 375 5202 cauom
387 5144 490 5200 frivolae
503 5144 669 5209 riderentur,
683 5150 711 5196 et
726 5142 841 5212 printam
856 5128 956 5196 scirent
966 5138 1075 5209 penitus
1131 5140 1285 5195 inuenerint
1305 5146 1478 5206 attentatum,
1497 5139 1580 5195 latum
1595 5141 1621 5196 in
1641 5155 1703 5196 eum
1723 5150 1752 5196 et
1772 5140 1841 5197 alios
1852 5154 1924 5195 con⁴

284 5252 346 5293 esse
359 5235 467 5302 talsano,
482 5234 516 5289 ad
529 5234 661 5289 malitiam
676 5241 766 5287 moneo
779 5232 877 5303 ⁴ipsius
890 5231 984 5287 militis
1010 5244 1077 5284 eou-
1129 5234 1287 5289 tradietores
1310 5232 1601 5289 exconttnunicationis
1625 5232 1792 5290 sententiam
1820 5232 1924 5287 tandiu

286 5324 448 5379 rirtcendatn
460 5323 645 5393 quaesiverunt
656 5323 691 5378 ab
704 5337 737 5377 eo
749 5330 841 5377 utrum
855 5338 885 5378 se
897 5321 977 5377 rellet
989 5333 1077 5392 poenoe
1128 5323 1229 5381 iaciant
1238 5326 1398 5381 auctoritate
1420 5334 1512 5381 nostra
1528 5325 1637 5382 sublato
1666 5325 1854 5395 appellationis
1868 5324 1925 5379 ob-

287 5417 371 5473 alieui
402 5416 522 5488 obligare
541 5414 564 5470 si
589 5413 681 5469 forsan
706 5414 919 5489 inprobatione
948 5412 1080 5468 detrectet
1129 5414 1231 5469 amentio
1244 5414 1357 5469 firmiter
1371 5414 1512 5469 observari
1526 5414 1612 5471 donee
1626 5416 1660 5472 de
1671 5415 1780 5471 damnis
1805 5414 1926 5482 crintu-

286 5510 493 5581 praedictorum,
513 5507 535 5563 si
548 5506 681 5577 probandi
695 5506 748 5564 albi
767 5506 826 5563 bac
843 5506 1022 5561 concederent
1036 5504 1078 5560 tn·
1130 5506 1178 5564 riis
1193 5507 1318 5579 irrogatis
1329 5509 1497 5564 monasterio
1519 5516 1611 5565 restro
1625 5506 1782 5563 satisfaciat
1807 5520 1927 5575 compe·

288 5602 429 5665 cultatem,
443 5601 516 5670 quod
528 5598 601 5653 idern
612 5598 702 5654 tacere
718 5599 853 5654 recusarit
867 5599 987 5654 ontnino.
1002 5598 1079 5654 Unde
1132 5608 1230 5665 ιιιιιιι,
1242 5607 1269 5654 ιι
1284 5596 1451 5656 sufficienter
1466 5598 1595 5655 exhibeat
1614 5600 1768 5657 cautionem
1783 5598 1855 5669 quod
1870 5611 1927 5653 uec

288 5692 393 5763 jndices
419 5691 503 5759 ipsius
530 5689 642 5747 evidens
671 5688 870 5761 subterlngiutn
896 5691 1078 5757 attendentes,
1132 5695 1188 5765 ipse
1206 5692 1328 5762 neeejns
1345 5692 1469 5751 haeredes
1494 5702 1588 5749 cointra
1600 5692 1773 5763 sepedictam
1796 5688 1926 5747 difflorat-

293 5784 457 5867 auetoritate
468 5784 519 5842 sibi
538 5784 684 5855 apostolica
711 5795 897 5857 praeceperunt
912 5795 941 5843 ut
967 5786 1081 5859 saepedi-
1133 5802 1191 5845 ratu
1206 5786 1368 5845 sententiam
1383 5785 1499 5855 venient,
1515 5786 1562 5843 sed
1588 5800 1647 5841 earn
1660 5785 1694 5843 de
1709 5790 1807 5841 caetero
1833 5782 1927 5839 tirmi-
