4109 6325
711 279 907 343 lNNOCEIlel
925 276 960 336 ttt
978 275 1030 336 PP.
1052 269 1286 332 necessumst
1306 269 1369 330 tto.
1389 269 1461 328 xttt.
1848 275 1909 334 sis

628 394 715 454 eset,
1079 388 1214 451 Ahmcn.
1228 384 1293 443 llaec
1306 394 1349 442 est
1367 385 1454 441 loram
1470 382 1547 454 paris
1558 385 1629 440 inter
1645 380 1864 456 strigoniensem
1881 395 1911 444 et

490 503 613 545 inensem
628 504 689 544 nene
703 503 853 544 unanime,
1118 477 1294 534 Colocensem
1309 477 1541 546 archiepiscopos.
1553 475 1643 530 Prima
1656 477 1800 532 coronatio
1812 493 1909 549 regum

277 577 469 635 Decottrordin
486 577 555 630 inter
572 575 704 631 Ecclesiae
719 574 926 659 strigoniensem
945 585 969 630 et
991 573 1068 630 Coie·
1118 568 1262 638 llungarise
1279 567 1432 636 specialiter
1444 577 1550 637 spectat
1569 567 1602 622 ad
1624 568 1710 622 solam
1728 566 1909 640 strigonien·

616 661 729 703 centem.
1117 674 1174 716 sem
1201 658 1362 714 Ecclesiam.
1387 658 1579 715 verumtamen
1603 659 1625 714 si
1649 657 1847 730 strigoniensis
1861 675 1911 717 ar·

465 737 621 809 (Laterani,
638 753 657 793 ¹¹
672 738 710 794 ld·
724 737 887 807 rennuerit.)
1118 751 1307 820 chiepiscopus
1323 765 1375 806 non
1395 763 1486 820 posset
1507 749 1549 805 vel
1567 751 1704 807 malitiose
1718 751 1802 808 nollet
1817 767 1910 826 regern

312 849 360 905 llla
386 864 412 916 e,
428 848 465 902 llli
481 847 662 912 charissime,
677 848 820 904 eharitatis
833 844 1013 918 praerogativa
1026 842 1078 914 di-,
1118 857 1263 908 coronare,
1279 840 1322 897 vel
1340 840 1535 914 strigoniensis
1549 841 1669 898 Ecclesia
1685 853 1815 912 vacaret,
1828 861 1911 902 coro·

277 943 395 1014 ligimus,
411 956 472 996 cum
485 939 556 996 inter
571 941 640 997 alios
665 941 757 995 mundi
778 941 917 1011 principes
930 954 993 1009 erga
1006 954 1068 1008 per·
1118 946 1165 992 net
1185 950 1274 1006 regem
1297 936 1465 1003 colocensis,
1489 937 1591 992 nullum
1614 951 1646 993 es
1669 938 1715 992 tali
1730 940 1910 996 coronatione

277 1046 372 1087 sertam
389 1040 510 1087 nostram
532 1039 560 1087 et
581 1039 783 1086 sacrosanctam
801 1028 952 1084 Romanam
972 1027 1069 1084 Eccle·
1115 1028 1161 1098 jus
1176 1029 1227 1085 sihi
1242 1029 1404 1084 vindicando
1429 1031 1455 1084 in
1471 1029 1558 1101 prima
1577 1032 1761 1088 coronatione.
1783 1031 1910 1088 seeutvda

276 1123 344 1178 siam
361 1121 566 1178 devotissimum
581 1131 606 1177 te
617 1121 747 1186 sciamus,
763 1121 833 1192 qnod
848 1135 944 1190 preces
956 1129 983 1174 et
997 1120 1066 1190 peti·
1120 1122 1263 1177 coronatio
1277 1121 1302 1176 ei
1315 1121 1443 1192 deinceps
1455 1123 1597 1192 equaliter
1609 1124 1745 1193 pertineat
1761 1122 1795 1176 ad
1811 1132 1912 1178 utram·

278 1217 367 1272 tiones
379 1224 498 1286 exparte
513 1223 557 1269 tua
568 1212 758 1269 nobisohlatas
769 1212 936 1268 intendimus
950 1213 1068 1267 libenter
1118 1229 1181 1284 qne.
1209 1214 1248 1268 lle
1272 1224 1405 1283 proventu
1435 1225 1549 1269 taonetae
1579 1215 1681 1270 decitna
1713 1215 1852 1284 pertineat
1875 1215 1910 1270 ad

278 1307 434 1370 admittere,
445 1315 647 1378 qnantnmcum
657 1313 750 1360 nostra
760 1319 903 1375 possumus
914 1306 1065 1360 honestate.
1118 1307 1270 1364 Ecclesiam
1285 1304 1514 1378 strigoniensem,
1535 1307 1688 1376 ubicunque
1699 1307 1726 1360 in
1740 1322 1825 1378 regno
1837 1305 1910 1362 llvtn·

277 1399 342 1454 lnde
360 1399 494 1468 siqnidem
515 1394 566 1451 luit
588 1396 660 1465 qnod
674 1395 854 1450 venerabilem
875 1394 986 1450 lintrem
1002 1410 1067 1451 nos·
1119 1401 1200 1471 garire
1214 1400 1339 1455 cudatur.
1354 1399 1430 1467 Quod
1457 1400 1478 1454 si
1494 1399 1556 1454 cudi
1574 1398 1685 1453 desierit
1699 1399 1837 1469 generalis
1852 1414 1909 1454 ιιιο-

279 1499 352 1542 trum
368 1484 603 1556 vesprumiensem
621 1486 778 1555 episcopum
804 1486 838 1540 ad
852 1487 944 1540 sedent
959 1494 1069 1555 aposlo-
1118 1503 1182 1549 neta
1197 1493 1279 1547 totius
1295 1491 1457 1562 llungariae,
1471 1491 1602 1562 qtridquid
1618 1491 1678 1547 loeo
1691 1491 1828 1561 generalis
1851 1506 1910 1546 rno-

278 1577 360 1634 liceffl
375 1579 548 1634 accedessleffl
565 1585 679 1646 villelm
699 1574 867 1647 benignitate
885 1579 1066 1646 suscepimus·
1119 1593 1190 1640 netae
1216 1583 1397 1649 successerit,
1424 1584 1557 1638 decimum
1585 1583 1685 1638 haheat
1709 1583 1909 1653 strigoniensis

279 1680 383 1741 etqttan
409 1680 761 1740 tempereumquamper
783 1669 937 1724 tuasnobis
962 1668 1067 1722 vllem
1121 1674 1252 1732 Ecclesia.
1290 1673 1489 1744 strigoniensis
1520 1673 1740 1745 archiepiscopus
1771 1675 1911 1730 renuntiat

281 1762 415 1819 intimasti
432 1760 512 1831 pleno
534 1762 709 1830 concepimus
724 1759 872 1815 intellectu.
889 1759 939 1828 Qui
955 1759 1071 1828 deniqne
1086 1754 1108 1810 B
1122 1763 1195 1821 amni
1213 1762 1397 1834 iurisdictioni
1421 1773 1448 1820 et
1466 1763 1520 1832 jurt
1547 1763 1680 1833 spirituali
1695 1764 1768 1834 quod
1788 1762 1911 1818 habebat

279 1853 352 1908 inter
375 1862 474 1906 caetera
498 1849 640 1922 proposuit
671 1866 762 1906 coram
788 1851 883 1917 nobis,
912 1853 983 1922 qvtotl
1007 1866 1070 1906 cunt
1122 1852 1164 1910 vel
1180 1855 1281 1909 habere
1293 1853 1434 1908 videbatur
1450 1853 1477 1907 in
1490 1853 1629 1923 provincia
1640 1853 1912 1923 Coloecrtsi3prmter

279 1944 314 1999 de
336 1959 401 2014 paee
428 1954 558 2015 perpetuo
588 1945 731 1999 statuenda
759 1944 830 1999 inter
856 1944 1070 2015 strigoniensem
1122 1947 1256 2002 decimam
1272 1955 1400 2008 monetae,
1412 1944 1435 1999 si
1448 1944 1484 1999 ibi
1499 1945 1670 2015 contingeret
1683 1944 1822 2000 lelnicari.
1835 1943 1913 2000 Jutli·

279 2042 308 2088 et
331 2032 507 2089 colocensem
532 2034 666 2090 Ecclesiae
700 2035 743 2089 diu
768 2033 849 2090 inerit
885 2043 912 2088 te
937 2033 1072 2088 mediante
1123 2037 1194 2091 cium
1222 2034 1378 2090 nllieialium
1406 2035 1502 2090 donnus
1528 2035 1609 2106 regis
1630 2035 1743 2107 qvtilibet
1767 2037 1913 2108 episcopus

281 2133 449 2190 tractatorve,
481 2124 588 2181 tandem
612 2125 774 2182 venerahilis
796 2126 880 2181 lrater
893 2135 987 2181 noster
1004 2125 1073 2179 stri·
1123 2127 1222 2181 habeat
1247 2127 1273 2180 in
1294 2141 1342 2182 sna
1359 2127 1501 2196 parochia.
1521 2127 1659 2182 Erltihitio
1678 2138 1913 2183 sacramentorum

280 2216 419 2287 goniensis
448 2218 667 2288 archiepiscopus
700 2217 734 2271 de
761 2232 894 2273 consensu
927 2226 955 2272 et
975 2216 1071 2270 volun·
1125 2217 1234 2290 regibus
1256 2226 1284 2272 et
1305 2217 1404 2286 reginis
1428 2226 1455 2272 et
1480 2233 1574 2273 eornm
1594 2217 1685 2272 liberis
1707 2228 1762 2272 tam
1784 2220 1818 2274 ad
1839 2220 1914 2290 ipsos

281 2316 338 2362 tate
356 2305 590 2378 suffraganeorum
606 2305 804 2378 strigoniensis
820 2304 957 2371 Ecclesiae,
974 2303 1071 2358 videti·
1123 2306 1342 2378 archiepiscopos
1356 2323 1437 2378 quam
1454 2309 1487 2362 ad
1507 2307 1575 2364 alios
1592 2310 1735 2380 episcopos
1750 2309 1777 2364 in
1795 2311 1853 2366 suis
1865 2325 1915 2381 pa-

281 2408 326 2454 cet
338 2397 673 2470 hgricnsis,Ge0riensis,
687 2406 716 2452 et
733 2395 838 2466 praelati
853 2394 1072 2466 vesprumiensis
1123 2398 1224 2452 rochiis
1245 2399 1382 2468 pertineat
1405 2413 1455 2468 pro
1478 2398 1618 2454 voluntate
1641 2401 1722 2470 regis.
1739 2398 1913 2457 lanionibus

281 2491 471 2561 episcoporum
499 2504 534 2545 es
559 2499 636 2559 parte
650 2501 720 2554 una,
735 2496 761 2543 et
776 2486 892 2542 dilectus
906 2487 977 2542 lilius
990 2485 1071 2542 Colo·
1123 2483 1182 2542 allis
1196 2488 1303 2558 utrique
1319 2489 1446 2544 Ecclesiae
1468 2488 1531 2558 jura
1547 2505 1595 2544 sua
1615 2500 1811 2546 conserventur
1831 2491 1915 2546 illaesa

282 2583 373 2636 censis
384 2582 487 2635 electus
500 2581 534 2635 de
548 2581 687 2636 voluntate
699 2577 1073 2650 suffraganeornmColoccn·
1123 2590 1151 2638 et
1161 2581 1373 2637 consuetudines
1395 2582 1525 2651 atttiqnac.
1550 2580 1578 2637 si
1593 2598 1646 2652 qua
1665 2593 1755 2637 autem
1772 2583 1915 2654 privilegia

282 2674 322 2730 sis
333 2673 472 2741 Ecclesiae,
488 2672 677 2728 waradiensis
690 2671 827 2740 videlicet,
842 2670 1030 2736 Cettadiensis,
1044 2679 1072 2726 el
1122 2673 1164 2729 vel
1181 2672 1312 2742 rescripta
1326 2671 1545 2740 qivandoctmqtte
1568 2671 1674 2740 prolata
1698 2671 1798 2727 luerint
1814 2683 1915 2730 eontra

283 2763 459 2822 llltrasilvani
483 2764 673 2834 episcoporum
687 2762 831 2828 etaltera,
847 2764 873 2819 in
895 2771 999 2818 certam
1015 2761 1070 2816 tce·
1123 2763 1196 2819 hanc
1211 2763 1344 2826 lerinam,
1362 2761 1434 2816 vires
1450 2777 1502 2815 nott
1517 2760 1644 2828 habeant,
1657 2763 1732 2818 salva
1745 2765 1771 2818 in
1787 2764 1918 2821 omnibus

282 2871 357 2912 rviam
379 2855 532 2910 concordie
560 2855 742 2922 devenerint,
761 2869 845 2925 ¹quam
868 2869 918 2924 per
945 2853 1072 2924 praelatos
1122 2853 1287 2907 anctoritate
1307 2851 1467 2922 apostoliea.
1481 2849 1559 2918 Qttod
1581 2851 1604 2908 si
1622 2868 1689 2922 papa
1707 2868 1762 2908 tion
1777 2863 1918 2923 approba·

282 2947 476 3018 Georgiensem
501 2956 529 3003 et
550 2947 788 3018 vesprumiensem
817 2948 958 3016 episcopos
984 2946 1070 3017 redigi
1122 2943 1200 3007 verit,
1216 2956 1259 2997 res
1270 2943 1306 2998 sit
1323 2943 1349 2996 in
1364 2956 1396 2997 eo
1410 2951 1480 2997 statu
1493 2943 1519 2997 ln
1534 2956 1588 3013 qno
1604 2958 1673 2999 nnnc
1685 2953 1735 2999 est.
1746 2943 1920 2999 iuraverunt

282 3040 480 3094 mandaverunt
502 3039 529 3094 in
540 3037 661 3108 scriptis,
672 3053 734 3094 cum
748 3037 820 3093 illam
834 3039 860 3094 in
873 3037 982 3107 scriptis
992 3036 1071 3092 reda·
1126 3035 1205 3091 anvho
1221 3034 1418 3106 archiepiscopi
1440 3042 1574 3090 eteorum
1598 3033 1760 3106 suffraganci
1778 3036 1824 3106 qui
1840 3051 1921 3106 prae·

282 3144 355 3192 etam
372 3133 398 3189 in
415 3132 531 3189 medinm
556 3132 756 3203 produxissent,
777 3140 805 3188 ct
828 3145 910 3203 super
931 3129 1073 3187 celavisset
1126 3135 1217 3186 sentes
1230 3135 1318 3195 erant,
1340 3141 1390 3185 nee
1411 3141 1464 3182 non
1482 3135 1510 3183 et
1533 3126 1696 3200 prepositus
1714 3125 1919 3199 Quinquecele·

283 3226 386 3281 diutins
403 3225 587 3295 disputatum,
602 3223 711 3279 mndem
726 3224 765 3277 ita
787 3231 910 3279 correcta
926 3221 1032 3277 exstitit
1046 3230 1074 3277 ct
1125 3220 1223 3277 sieusis
1236 3222 1281 3291 qui
1304 3222 1362 3275 vice
1383 3218 1486 3275 demini
1508 3220 1550 3275 sni
1565 3219 1684 3291 episcopi
1698 3220 1844 3287 intererat,
1859 3234 1914 3277 nee

282 3314 439 3385 conscripta
458 3314 530 3384 qttod
550 3327 610 3368 eam
630 3328 695 3384 pars
720 3309 880 3385 approbavit
903 3320 1028 3383 utraque,
1046 3322 1074 3369 et
1123 3329 1177 3371 nort
1197 3324 1225 3370 et
1236 3324 1428 3385 procuratores
1450 3310 1633 3383 capitulorum
1657 3310 1800 3382 utriusque
1819 3311 1917 3368 Eccle-

283 3418 339 3465 tam
361 3406 557 3477 strigoniensis
572 3407 795 3479 archiepiscopus
816 3421 900 3478 quarn
914 3405 1072 3463 colocensis
1124 3408 1182 3474 sia,
1195 3406 1266 3478 qood
1280 3406 1429 3463 secundum
1442 3405 1557 3463 sormam
1571 3403 1759 3475 prescriptam
1774 3403 1844 3459 bona
1861 3404 1918 3460 stde

282 3500 385 3557 electus
394 3498 467 3569 (sto)
474 3514 536 3554 cum
544 3497 726 3555 Ecclesiamm
735 3514 845 3554 suarum
854 3495 1030 3569 sttlirnganeis
1039 3502 1073 3552 ad
1123 3514 1217 3570 pacem
1232 3499 1418 3570 prescriptam
1432 3498 1637 3566 observabunt,
1653 3509 1681 3557 et
1697 3499 1758 3555 sine
1771 3496 1870 3554 lraude
1883 3496 1917 3553 ad

282 3601 377 3651 saneta
395 3591 442 3647 bct
454 3588 601 3660 Evangelia
614 3591 774 3663 juraverunt
788 3592 859 3662 quod
872 3590 988 3646 lerinam
998 3589 1074 3660 pacis
1123 3590 1357 3646 contr-nationem
1372 3589 1544 3646 laborabunt.
1569 3608 1579 3643 v

283 3699 345 3753 quae
361 3682 550 3739 continebatur
574 3682 602 3737 in
627 3680 673 3738 illo
695 3682 798 3755 scripto
817 3681 907 3755 posito
926 3697 1018 3739 eornm
1034 3681 1074 3737 eis
1156 3681 1278 3751 Cumque
1298 3694 1380 3750 super
1402 3678 1445 3735 his
1459 3694 1522 3736 eum
1538 3678 1672 3736 iratribus
1694 3678 1795 3735 nostris
1809 3676 1919 3733 delibe-

284 3772 400 3852 llmniter
414 3771 610 3837 observarent,
626 3781 654 3827 et
676 3772 833 3829 laborarent
853 3773 888 3829 ad
906 3774 958 3827 hoc
975 3769 1074 3827 nibilo-
1124 3788 1187 3830 rare
1200 3772 1351 3837 vellemus,
1376 3771 1467 3829 dilecti
1482 3770 1529 3827 lilii
1543 3770 1662 3829 lacobus
1682 3770 1865 3827 scholasticus
1890 3779 1919 3823 et

283 3872 375 3927 minus
389 3870 460 3927 bona
485 3868 538 3926 llde
557 3878 588 3925 ut
605 3885 655 3927 nos
677 3871 903 3940 compositionem
925 3868 1073 3926 conllrma·
1125 3864 1254 3922 Nicolans
1267 3864 1417 3921 carronieus
1430 3864 1535 3935 praelati
1548 3862 1746 3933 archiepiscopi
1764 3861 1872 3927 nuntii,
1891 3870 1921 3915 et

286 3977 382 4020 remus
397 3961 532 4019 eamdem.
546 3961 576 4018 P.
591 3976 698 4033 quoque
711 3961 993 4033 Quinqueeclesiensis
1006 3976 1074 4032 prae·
1125 3958 1162 4014 ll.
1180 3958 1368 4015 thesaurarius
1380 3965 1408 4013 et
1427 3955 1470 4012 lo.
1486 3955 1695 4013 archidiaconus
1714 3953 1921 4026 strigonienses

283 4054 401 4127 positus,
410 4051 445 4107 ab
456 4052 585 4122 episcopo
594 4068 643 4108 sno
657 4051 758 4107 missus
768 4065 818 4122 pro
826 4063 871 4117 eo,
879 4060 907 4106 et
914 4050 1075 4107 Benedictus
1125 4057 1316 4121 procuratores
1330 4048 1450 4117 ejusdem
1464 4048 1516 4105 loei
1530 4047 1641 4120 capituli
1655 4048 1794 4119 petierunt
1807 4062 1823 4101 a
1836 4044 1920 4102 nohis

285 4143 447 4216 praepositus
472 4142 565 4200 saneti
590 4142 712 4209 Thomas,
738 4158 790 4199 nee
816 4158 872 4200 non
899 4150 927 4199 et
956 4139 1075 4199 lacobus
1125 4139 1292 4195 audientiam
1305 4137 1357 4193 sibi
1373 4138 1442 4193 duri.
1463 4137 1521 4206 Qun
1542 4138 1609 4209 ipsis
1624 4138 1657 4194 de
1679 4152 1757 4193 more
1772 4146 1909 4192 concessa

286 4237 466 4294 scholasticus
499 4233 693 4305 strigoniensis
719 4250 769 4305 pro
797 4233 918 4305 capitulo
952 4233 1073 4302 eiusdem
1125 4231 1214 4289 nuntii
1242 4243 1408 4301 proposuere
1434 4230 1557 4301 praedicti
1583 4231 1655 4299 qttod
1684 4229 1756 4285 inter
1785 4226 1921 4297 prelatos

286 4327 426 4395 Ecclesiae,
451 4341 466 4381 a
488 4342 543 4398 qno
562 4328 613 4382 snb
627 4327 719 4384 debito
736 4326 882 4397 juramenti
898 4342 928 4383 se
949 4341 1074 4383 asserue-
1126 4321 1364 4393 archiepiscopum
1388 4329 1416 4377 et
1434 4319 1612 4377 Colocensem
1631 4321 1748 4376 electum
1771 4327 1799 4374 et
1820 4332 1922 4375 eorum

285 4429 351 4478 runt
376 4420 476 4476 habere
500 4420 657 4474 mandatum
670 4456 679 4486 ,
694 4428 723 4474 et
739 4418 879 4475 llubaldus
898 4418 1074 4475 Posoniensis
1088 4428 1113 4491 p
1126 4415 1312 4484 sutlraganeos
1331 4409 1393 4467 telis
1415 4411 1577 4481 compositio
1596 4410 1754 4475 intervenit,
1775 4417 1804 4464 ut
1827 4410 1922 4480 prima

285 4512 447 4585 prepositus
468 4510 631 4583 juraverunt
645 4510 727 4566 etiarn
745 4508 811 4565 tllud
830 4508 910 4564 idem.
927 4509 980 4565 Pro
995 4508 1075 4566 Colo·
1127 4505 1268 4562 coronatio
1296 4519 1390 4575 regum
1420 4502 1585 4572 llnngariae,
1615 4502 1772 4571 ubicunque
1799 4500 1826 4555 in
1857 4499 1922 4569 ipso

285 4606 360 4661 censi
375 4620 440 4661 vero
458 4600 711 4659 Ecclesialneobus
729 4599 1077 4658 colocensisetllosmun·
1127 4615 1210 4670 regno
1232 4613 1281 4655 eos
1310 4598 1430 4670 primum
1454 4596 1629 4667 contingeret
1653 4593 1796 4660 coronari,
1828 4591 1922 4647 solius

286 4699 339 4757 dus
354 4697 446 4755 Sabell
461 4696 601 4752 laurentii
622 4694 761 4766 ompositi
784 4694 971 4765 prestiterunt
984 4693 1075 4749 consi·
1127 4693 1323 4767 strigoniensis
1342 4688 1473 4749 Eeelesiae
1484 4689 1554 4761 juris
1565 4696 1658 4755 esset,
1673 4696 1702 4742 et
1713 4693 1839 4751 monete,
1859 4683 1925 4739 ubi-

287 4790 353 4845 mile
379 4792 574 4861 juramentum.
604 4784 681 4844 Unde
710 4784 837 4858 praefatus
864 4784 1008 4855 episeopus
1041 4798 1074 4839 ex
1126 4802 1234 4859 cunque
1253 4785 1417 4841 cuderentur
1440 4782 1466 4837 in
1492 4776 1924 4852 regno,velillinst1uodloco

286 4892 365 4954 parte
386 4890 430 4937 tua
448 4879 528 4951 nobis
547 4878 686 4935 humiliter
706 4877 866 4949 supplicavit
889 4885 918 4931 ιιι
939 4876 1075 4948 composi·
1127 4879 1300 4951 colligeretur
1318 4886 1435 4931 monetae
1452 4872 1557 4929 decima
1576 4873 1609 4926 ad
1624 4872 1747 4927 eamdem
1766 4868 1922 4924 Ecclesiam

284 4976 390 5033 Uotieni
420 4972 563 5037 eamdem,
590 4984 671 5042 illlam
700 4968 852 5040 suillorum
884 4968 1076 5041 hlaedlclotum
1127 4972 1293 5045 pertittet·et;
1321 4983 1353 5023 ae
1380 4976 1407 5021 tu
1436 4974 1463 5021 et
1485 4964 1646 5022 charissima
1672 4966 1699 5016 ln
1725 4958 1834 5018 christo
1865 4957 1925 5011 lilia

286 5054 372 5125 electi
389 5076 418 5124 et
443 5063 645 5131 waradiensis,
668 5062 862 5131 cenadiensis,
884 5059 1075 5140 ultrasilvani,
1127 5064 1316 5136 uungamnum
1346 5060 1437 5131 regina
1464 5073 1513 5130 pne
1536 5064 1642 5113 vestras
1665 5069 1681 5109 a
1707 5050 1786 5108 nohis
1810 5048 1925 5104 litteras

285 5160 438 5234 dgriensis,
468 5168 495 5215 et
522 5156 607 5229 ipsius
631 5152 851 5228 vesprumiensis
870 5154 1075 5225 episcoporum,
1128 5152 1260 5226 peteretis
1269 5159 1402 5222 quatenus
1411 5147 1525 5218 primam
1535 5144 1626 5202 sedern
1638 5142 1807 5214 primamque
1819 5153 1922 5195 vocem

286 5268 405 5312 necnon
420 5251 599 5324 capitulorum
614 5247 770 5305 colocensis
789 5259 815 5305 et
830 5246 987 5303 Bachiensis
1001 5242 1078 5301 nobis
1128 5263 1190 5303 eunt
1213 5244 1321 5316 juribus
1343 5239 1516 5311 supradictis,
1538 5252 1598 5307 qvvae
1622 5245 1651 5291 ιιι
1675 5245 1703 5290 et
1726 5233 1799 5289 dieta
1822 5228 1926 5303 ηςίιιιι

288 5345 413 5403 exhibuit
433 5344 582 5399 nturriminc
603 5342 771 5407 roboratum,
783 5335 1078 5405 auetoritntedignare-
1128 5353 1179 5395 neo
1192 5323 1839 5405 nonntpnrscntncensts(etmpppttoepfaeragae
1847 5320 1925 5378 serp.

288 5424 1076 5508 muraittlllffisseconfirmaret0¹¹lv⁸¹e¹l⁰¹²i¹¹³0⁸ll²⁷¹b
1132 5429 1256 5504 goniensi
1277 5423 1475 5497 recognovistis
1497 5421 1640 5486 Ecclesin,
1660 5420 1709 5490 ipsi
1737 5414 1862 5489 perpetui
1880 5412 1925 5467 di-

332 5530 388 5585 ‹lu
407 5528 517 5584 nomine
539 5525 629 5581 Patris
651 5530 679 5578 et
700 5520 763 5577 Filii
776 5529 814 5576 -et
834 5516 953 5593 Spiritus
972 5515 1076 5575 Sancti.
1127 5534 1275 5595 gnaremur
1289 5515 1420 5590 privilegii
1432 5513 1583 5577 munimine
1601 5509 1748 5579 roborare,
1763 5518 1843 5579 super
1859 5500 1926 5559 aliis

326 5641 390 5705 isli)
412 5641 481 5697 vide
499 5632 731 5710 superegisset.
1164 5632 1238 5705 (ets)
1252 5627 1319 5689 vide
1330 5626 1379 5685 lib.
1395 5642 1449 5696 xtt,
1462 5625 1542 5698 epist.
1557 5622 1601 5693 52,
1613 5620 1661 5691 is,
1675 5618 1722 5675 lit.

325 5712 386 5782 (sil
414 5711 481 5769 vide
492 5709 540 5767 tib.
554 5724 604 5778 ιιι,
616 5708 696 5780 epist.
709 5705 754 5777 is,
771 5704 816 5761 ιδ.
