4109 6325
242 316 296 377 tet
665 316 861 379 lusocsnrtt
878 318 911 379 ltl
923 318 974 377 PP.
993 316 1229 379 neessroutttt
1247 319 1312 379 llll.
1330 318 1402 380 xtl.
1815 322 1868 380 stt

244 430 419 506 aquismolis,
433 432 558 501 olivetis,
570 431 613 489 rel
629 432 761 505 quidquid
775 434 802 490 in
822 434 1028 507 quibuscunque
1043 435 1067 495 Α
1081 434 1189 492 vinculo
1212 449 1274 492 esse
1298 416 1510 491 innodatom‘et
1534 444 1550 487 a
1576 444 1661 501 regm
1688 430 1738 489 liei
1760 432 1869 504 penitus

243 524 311 583 loeis
314 565 370 587 .....
386 528 486 583 babere
506 524 546 582 rel
560 537 654 582 tencre
672 526 797 595 ridetur,
815 528 857 584 rel
874 522 897 585 si
913 526 978 599 quid
1001 528 1028 583 in
1080 536 1261 598 segregatum.
1282 526 1367 583 Porro
1388 525 1433 596 qui
1451 525 1613 582 observator
1627 533 1656 581 et
1672 534 1766 582 custos
1783 527 1870 583 exsti·

242 625 379 686 potestate
392 616 515 687 legaliter
528 616 657 673 donatum
670 616 713 673 rel
734 616 863 689 largitum
877 618 971 685 luerit,
984 624 1031 673 aut
1082 620 1155 687 terit,
1170 620 1369 677 benedictionis
1382 619 1500 690 gratiam
1513 634 1528 673 a
1543 616 1801 673 misericordissimo
1811 617 1869 672 lieo

245 706 366 780 quolibet
385 709 466 764 modo
484 708 559 783 juste
582 710 719 777 evenerit,
740 720 834 767 tenere
849 719 876 766 et
891 710 1032 782 possidere
1080 726 1174 772 nostro
1197 724 1226 771 et
1246 718 1330 769 vitam
1353 721 1512 786 perpetuam
1535 712 1652 768 feliciter
1675 718 1869 778 consequatur.

244 805 303 859 sine
329 800 450 873 qualibet
477 803 663 867 ootttrorersia
691 804 829 874 perpetuis
861 806 1030 873 temporibus
1081 808 1218 879 Scriptum
1232 822 1281 878 per
1293 821 1403 861 manum
1417 804 1505 876 Sergii
1517 815 1619 860 sanctes
1635 803 1765 859 Romana·
1777 802 1870 857 Eccle-

243 894 343 949 raleat.
357 893 388 947 Et
401 892 466 951 nulli
479 908 597 964 unquam
612 893 692 957 licent
705 909 799 967 regunt
810 936 819 963 ,
831 895 1030 967 cpiscoporum,
1081 900 1129 956 siae
1143 898 1276 955 scriniarii
1292 899 1318 953 in
1334 912 1427 953 meuse
1445 894 1588 964 tannarii,
1608 895 1759 951 indictione
1773 910 1871 965 sopra·

244 982 342 1040 ducum
357 983 398 1039 rel
421 993 542 1041 actorum
564 999 655 1056 parrae
675 986 718 1040 rel
740 1002 844 1056 magnae
860 1001 981 1059 personne
1001 990 1031 1044 in
1082 992 1193 1062 scripta.
1217 990 1291 1046 Bene
1313 989 1411 1046 valete.
1436 989 1492 1061 Ego
1510 989 1623 1056 Sergius
1648 988 1712 1043 ldus
1726 986 1872 1045 lanuarias

244 1075 374 1145 prredicto
389 1078 607 1139 monasteriovel
622 1078 772 1151 ineisqum
785 1079 873 1143 eidem
894 1092 1032 1138 monaste·
1081 1097 1251 1155 permanum
1272 1080 1409 1139 Anastasii
1431 1081 1580 1150 primicerii
1602 1079 1758 1135 delerrsoris
1772 1088 1872 1137 sanetae

244 1182 291 1235 pro
307 1184 457 1227 rsnrrnnsn
472 1181 623 1229 noscuntur
642 1187 804 1245 quocunque
821 1172 903 1235 modo
925 1173 1032 1232 incum-
1083 1178 1156 1233 sedis
1170 1177 1339 1247 apostolicae,
1360 1191 1449 1242 anuo,
1472 1175 1528 1231 lieo
1543 1176 1681 1246 propitio,
1699 1175 1873 1245 pontiiicatns

243 1260 310 1318 bere
312 1298 367 1319 .....
386 1263 556 1321 invasionem
580 1263 685 1331 iacere,
709 1272 756 1320 aut
781 1264 916 1337 quispiam
940 1280 1033 1323 sacer-
1083 1268 1185 1325 domini
1200 1266 1313 1325 Joennis
1327 1268 1426 1325 summi
1438 1267 1573 1337 pontilicis
1584 1274 1613 1322 et
1631 1265 1796 1321 universalis
1808 1266 1872 1321 noni

246 1354 339 1411 dotum
363 1354 463 1413 ibidem
491 1366 639 1430 presumat
667 1358 797 1415 accedere
821 1358 863 1416 rel
887 1359 1033 1417 missarum
1084 1376 1160 1432 papae
1183 1362 1211 1417 in
1234 1360 1421 1417 sacratissima
1454 1357 1519 1415 sede
1545 1356 1621 1414 beati
1651 1356 1724 1413 Petri
1758 1356 1873 1428 apostoli

246 1445 380 1501 solemnis
394 1446 542 1513 celebrare.
565 1450 597 1505 Et
609 1464 698 1521 neque
713 1449 868 1521 episeopus,
882 1466 970 1521 neque
985 1458 1034 1507 ab·
1084 1453 1212 1516 semrodo,
1231 1453 1379 1509 indictione
1391 1451 1523 1509 secunda.

245 1534 314 1604 bas,
328 1537 371 1593 nel
387 1553 480 1603 comes
492 1549 539 1598 aut
557 1542 685 1612 quaelibet
701 1556 800 1613 magna
814 1557 952 1615 patreque
970 1558 1034 1615 pore
1123 1564 1134 1601 ι
1152 1544 1437 1615 iltnrnnsepiscopus,
1450 1556 1549 1599 sersus
1561 1554 1701 1599 servorum
1713 1542 1774 1609 liei,
1784 1542 1871 1597 Tereo

246 1637 313 1681 sona
335 1627 362 1681 in
379 1626 492 1699 praelato
512 1630 677 1687 monasterio
697 1629 740 1687 rel
764 1630 791 1687 in
812 1630 870 1701 ejus
888 1633 967 1689 cellis
987 1642 1034 1689 sut
1084 1652 1181 1694 source
1195 1635 1321 1709 religioso
1331 1635 1422 1692 abbati
1436 1632 1601 1690 venerabilis
1611 1633 1767 1689 monasterii
1780 1631 1874 1689 Sancti

247 1717 370 1775 ecclesiis
393 1722 549 1785 mensiones
574 1720 663 1779 lucere
684 1732 732 1781 aut
753 1738 887 1796 expensas
906 1735 1034 1799 expetere
1086 1727 1241 1785 siluestri..
1258 1765 1266 1781 .
1284 1765 1293 1784 .
1308 1726 1447 1782 territorio
1456 1724 1601 1784 lintlneusi
1614 1738 1665 1781 nec
1681 1738 1735 1779 non
1750 1723 1877 1779 omnibus

249 1815 296 1865 aut
309 1810 417 1881 aliquod
437 1822 663 1883 prepotestatem
682 1816 823 1873 servitium
843 1826 941 1889 pnetcr
957 1834 1034 1889 perc-
1049 1794 1072 1851 B
1087 1816 1290 1888 subjacentibus
1308 1824 1337 1871 ct
1355 1815 1528 1886 inperpetuo
1529 1852 1684 1873 ......
1702 1828 1818 1884 queque
1843 1812 1878 1868 tt!

248 1900 318 1973 grint
340 1912 368 1959 et
391 1903 504 1977 legitimi
531 1908 664 1981 lrospites.
689 1908 742 1967 Sed
764 1924 851 1983 neque
870 1912 1036 1983 colloquiunt
1086 1907 1193 1963 laudern
1205 1906 1450 1979 lteoenptortsbet
1463 1914 1490 1963 et
1502 1904 1609 1961 bomini
1625 1902 1778 1961 salvatoris
1792 1903 1879 1960 nostri

248 1993 436 2069 qualecunque
455 2007 502 2054 aut
524 1998 652 2071 placitum
669 2002 695 2057 in
720 2004 779 2075 ipso
800 2006 970 2060 monasterio
989 2014 1038 2063 aut
1087 1996 1151 2055 tren
1163 1998 1267 2055 Christi
1286 1999 1423 2069 pectinem
1437 2005 1603 2063 noscuntur,
1616 2005 1645 2054 0¹
1657 1996 1878 2053 adstabilitatem

248 2086 277 2143 in
292 2088 351 2159 ejus
366 2092 569 2159 prenominatis
580 2092 648 2149 locis
663 2108 723 2151 esse
734 2097 795 2167 quis
810 2094 919 2163 audeat,
935 2098 987 2152 nisi
1000 2099 1038 2157 ab
1087 2092 1282 2149 venerabilium
1293 2091 1415 2149 locorum
1425 2091 1658 2163 respiciunt,cum
1669 2105 1769 2162 magna
1779 2090 1881 2146 sollici·

249 2178 349 2237 abbate
360 2179 442 2249 luerit
457 2182 597 2253 inritatus,
613 2184 755 2261 errrtemrs
770 2188 822 2244 lroc
842 2188 913 2259 quod
929 2190 962 2244 ad
978 2189 1038 2244 leu-
1089 2186 1190 2243 tudinis
1198 2186 1343 2243 studionos
1352 2185 1478 2267 conuenit
1488 2182 1672 2256 apostolicaet
1682 2184 1808 2240 rationali
1816 2198 1880 2241 cen·

250 2268 311 2328 dem
333 2272 380 2328 liei
395 2284 423 2329 et
436 2274 611 2333 stabilitatem
627 2279 748 2350 predicti
764 2282 921 2341 monasterii
937 2282 1037 2339 statui·
1087 2296 1151 2339 sura
1165 2287 1459 2350 procurare,quatcnus
1470 2292 1505 2334 ex
1519 2278 1572 2335 boo
1588 2274 1669 2351 juges
1681 2277 1771 2334 eidem
1785 2278 1881 2349 propi·

249 2379 310 2421 mus
324 2364 402 2433 ltrma
417 2367 565 2429 stabilitate
579 2379 756 2447 permaneat:
772 2372 965 2431 interdicentes
979 2389 1038 2431 orn·
1089 2370 1179 2429 tiatori
1196 2379 1289 2427 nostro
1300 2369 1474 2441 oontomllet
1494 2367 1632 2427 efficacius
1644 2368 1763 2441 persolvi
1774 2369 1881 2441 possint

231 2458 315 2515 »uino
347 2462 474 2535 episcopo
505 2462 532 2518 in
562 2450 640 2535 cujus
674 2467 800 2537 parochia
837 2482 897 2524 essc
930 2469 1039 2525 videtur
1089 2460 1624 2535 carminumlaudes,etoobis,qui,lieet
1634 2461 1777 2530 immeriti,
1788 2452 1882 2517 dirina

249 2552 435 2623 supradictum
450 2554 647 2615 monasterium
659 2558 838 2619 constitutum
854 2559 961 2616 utnilril
973 2576 1038 2617 con·
1090 2557 1276 2629 tanlengmtia
1291 2556 1483 2627 praeveniente,
1499 2554 1663 2624 pastoralem
1681 2553 1822 2627 regiminis
1833 2569 1882 2611 crt-

250 2649 295 2705 ιιι
321 2652 444 2701 tenorem
465 2646 605 2717 praesentis
624 2646 726 2704 decreti
745 2648 790 2721 pia
803 2650 983 2721 postulatione
996 2651 1041 2707 in·
1089 2664 1148 2706 rem
1163 2649 1291 2721 gerimus,
1304 2646 1553 2719 opimainsidereis
1562 2647 1672 2703 arcibus
1681 2645 1883 2702 remuneratio·

250 2734 317 2795 dttlti
331 2735 478 2807 quidquam
493 2745 622 2807 attentet,
646 2754 733 2812 neqtte
756 2740 811 2799 ullo
832 2743 913 2800 morlo
934 2742 1040 2814 baptis·
1090 2742 1133 2797 nis
1145 2742 1254 2813 praemia
1269 2738 1450 2796 ascribantur.
1466 2739 1620 2833 igiturquia
1628 2749 1737 2795 constat
1748 2738 1883 2809 religiosi·

250 2826 336 2883 mules
360 2826 491 2885 ecclesias
513 2830 565 2887 sibi
594 2831 726 2899 uindicet,
752 2850 840 2905 neque
862 2835 920 2907 ipse
944 2838 1040 2907 suique
1091 2842 1174 2890 tatem
1185 2844 1257 2891 tuam
1269 2833 1347 2890 nobis
1357 2831 1486 2889 detulisse
1497 2842 1663 2903 prteeeptunr
1676 2832 1884 2903 praedecessoris

251 2932 423 2983 comessores
442 2935 607 2992 praesumant
629 2925 765 2995 prohibita
789 2928 960 2999 contingere.
985 2928 1040 2985 Sed
1090 2926 1175 2981 nostrl
1185 2925 1284 2980 domini
1297 2922 1408 2979 Adriani
1419 2921 1730 2979 erloanntsrererendne
1744 2922 1886 2978 memoriae

250 3025 340 3083 ireque
361 3014 505 3071 missarum
524 3016 657 3073 solemnis
678 3018 779 3075 ibidem
802 3018 1041 3090 persolvereprsc-
1090 3015 1249 3089 ponotcun
1269 3015 1303 3071 de
1323 3014 1452 3087 praedicto
1475 3013 1643 3069 monasterio
1662 3021 1689 3069 et
1709 3014 1836 3069 omnibus
1857 3014 1886 3069 ei

251 3092 354 3172 sumat,
369 3104 420 3161 nisi
437 3106 471 3163 ab
484 3106 583 3164 abbate
595 3109 774 3182 suprascripti
788 3111 945 3168 monasterii
959 3110 1044 3174 irterit
1092 3108 1290 3180 pcrtinentibus
1300 3106 1367 3163 locis
1380 3122 1412 3161 ac
1423 3104 1652 3178 possessionibus,
1665 3120 1725 3177 qoae
1737 3106 1846 3176 petistis
1857 3114 1888 3161 ut

252 3193 401 3265 inritatum
415 3212 502 3270 neque
516 3197 714 3258 ordinationem
735 3203 911 3259 sacerdotnm
927 3204 1042 3274 quilibet
1093 3218 1143 3275 per
1158 3201 1245 3259 nostri
1260 3200 1399 3272 apostolici
1416 3199 1550 3270 privilegii
1566 3199 1695 3270 paginam
1710 3198 1889 3255 conllrmare·

252 3286 443 3359 episcoporum
467 3289 495 3345 in
517 3291 632 3361 praelato
654 3295 821 3359 monasterio
838 3295 882 3352 rel
901 3295 959 3366 ejus
977 3297 1042 3370 jure
1092 3309 1163 3350 urus.
1180 3293 1256 3353 Unde
1272 3308 1320 3348 nos
1332 3293 1459 3363 precibus
1475 3293 1574 3348 restris
1586 3289 1726 3356 inclinati,
1740 3299 1768 3345 et
1784 3305 1800 3346 a
1815 3304 1889 3361 prm·

253 3388 302 3442 aut
314 3381 348 3436 de
359 3395 408 3438 suo
422 3380 496 3440 clero
507 3382 647 3440 celebrere
659 3386 768 3456 audeat,
782 3387 845 3458 nisi,
858 3396 889 3444 ut
898 3389 1042 3462 prelatum
1092 3385 1162 3443 senti
1183 3385 1272 3457 priora
1291 3383 1440 3441 indictione
1459 3383 1487 3440 in
1506 3391 1690 3454 perpetuum,
1712 3381 1890 3453 sepedictum

255 3479 298 3529 est
308 3461 322 3539 ,'
332 3472 367 3528 ab
379 3473 477 3530 abbate
498 3473 581 3532 iuerlt
603 3486 742 3535 evocatus.
757 3476 884 3536 Cbrisms
905 3480 987 3554 igitur
998 3480 1042 3538 rel
1093 3475 1291 3534 monasterium
1311 3489 1500 3534 successorum
1515 3481 1623 3536 tuorum
1643 3473 1772 3530 abbatum
1787 3473 1891 3530 ditione

237 3563 386 3642 ¹quidquid
406 3565 440 3622 ad
461 3581 540 3632 sacra
557 3567 709 3625 ministeria
732 3571 868 3641 pertinet,
891 3571 915 3628 sl
932 3573 1043 3631 aPatre
1093 3577 1121 3625 et
1133 3577 1265 3638 potestate
1283 3582 1343 3623 cum
1363 3566 1489 3624 omnibus
1503 3565 1554 3623 sibi
1568 3565 1770 3637 pertinentibus
1789 3565 1891 3621 couir-

253 3657 412 3714 monasterii
428 3657 512 3715 luerit
526 3659 699 3730 postulatus,
721 3663 927 3737 quibuscunque
944 3667 1043 3737 ppaevj.
1093 3669 1197 3716 tnurrtes
1217 3657 1470 3730 irrefragabilijure
1491 3658 1666 3715 decernimus
1683 3658 1888 3732 permanenda,

254 3749 325 3806 derit
350 3751 525 3808 concedimus
544 3791 759 3811 ........
781 3755 832 3812 nisi
854 3757 976 3815 ecclesiis
996 3773 1044 3814 sn·
1094 3751 1195 3816 idest,
1214 3751 1406 3808 monasterium
1429 3749 1522 3808 Sancti
1550 3751 1675 3806 siluestri
1699 3768 1783 3821 qm...
1800 3767 1816 3806 a
1836 3750 1891 3807 llo-

253 3843 370 3912 pradicti
383 3845 546 3902 venerabilis
557 3847 714 3904 monasterii
727 3847 760 3903 ad
772 3856 892 3906 nostram
904 3847 1044 3907 dioecesim
1094 3845 1204 3900 nantula
1219 3845 1356 3899 territorio
1369 3843 1526 3903 llut'tnensi.
1539 3842 1711 3914 Quapropter
1725 3844 1890 3900 auctoritate

253 3935 424 4005 pertenentis.
455 3935 508 3993 seu
533 3947 560 3994 ct
586 3937 638 3995 troc
665 3940 809 3996 strennus
834 3952 863 3998 cr
887 3943 1038 4000 rnvtntaortt
1094 3934 1252 3990 lue-stilari
1268 3933 1450 4005 apostoleco
1466 3949 1482 3989 a
1501 3933 1891 3990 ontntnoocnnosnoeoero

257 4029 398 4084 sanctione
409 4028 555 4099 apostolica
570 4034 730 4090 auctoritate
743 4033 893 4103 llrmamus,
906 4046 936 4092 ut
953 4036 1045 4092 nullus
1094 4043 1154 4084 rum
1175 4027 1249 4097 regni
1273 4027 1363 4083 claves
1378 4025 1485 4082 tradite
1505 4035 1588 4093 sunt,
1602 4037 1629 4081 et
1646 4036 1768 4097 potestas
1789 4025 1891 4098 ligandi

256 4118 402 4190 aliquando
416 4119 443 4174 in
463 4121 593 4191 praedicto
603 4125 768 4182 monasterio
781 4124 814 4180 de
828 4127 889 4181 aliis
901 4127 1045 4182 monacbis
1095 4131 1175 4193 atque
1192 4120 1313 4178 solvendi
1327 4119 1398 4177 coelo
1417 4132 1543 4192 terraque
1559 4136 1690 4177 concessa
1705 4131 1757 4186 est,
1772 4111 1892 4192 promul·

257 4223 307 4268 seu
320 4211 526 4284 quibuscunque
540 4213 663 4271 eeclesiis
667 4253 850 4276 .......
870 4232 930 4273 csse
942 4235 1047 4290 pransus
1095 4227 1191 4285 qantos
1211 4214 1382 4270 decernimus
1398 4224 1426 4268 ct
1440 4213 1518 4268 lrrma
1537 4214 1693 4270 stabilitatis
1706 4230 1821 4269 censura
1835 4222 1892 4270 sta-

257 4307 327 4368 mat,
340 4315 460 4372 nequest
483 4319 646 4378 quacunque
662 4317 798 4375 potestate
818 4309 845 4364 iu
866 4317 975 4379 postero
997 4311 1046 4366 du·
1096 4308 1197 4363 tuimus
1213 4314 1242 4362 ut
1256 4305 1346 4376 ipsum
1358 4305 1515 4362 uenerabile
1536 4307 1734 4363 monasterium
1756 4321 1819 4361 cum
1832 4320 1892 4359 om-

257 4400 366 4449 eantur.
391 4393 444 4450 Sed
464 4410 525 4452 com
554 4397 644 4460 divina
669 4401 811 4461 roratione
832 4399 918 4456 abbas
938 4401 1046 4472 praelati
1096 4401 1176 4456 uibus
1185 4399 1261 4464 locis,
1275 4398 1388 4465 mansis,
1401 4397 1505 4465 lundis,
1515 4399 1597 4464 casis,
1606 4398 1755 4464 casalibus,
1766 4398 1894 4452 domibus

258 4484 418 4541 monasterii
432 4486 631 4556 perstrinxerit,
650 4495 681 4558 ctv
688 4489 861 4546 resolutionis
876 4497 982 4564 ternpus
998 4495 1046 4550 ad·
1061 4523 1085 4580 D
1098 4503 1179 4564 atque
1194 4490 1315 4558 familiis,
1330 4491 1418 4547 serris
1442 4489 1641 4561 originalibus,
1653 4488 1789 4556 simulque
1812 4488 1893 4542 rebus

257 4575 382 4645 uenerit,
400 4575 438 4636 de
453 4580 563 4650 propria
582 4594 689 4652 sernper
707 4583 917 4654 congregatione
929 4585 1045 4656 eligatur
1096 4596 1122 4640 et
1137 4584 1369 4656 possessionibus,
1385 4597 1435 4639 nee
1450 4599 1504 4640 non
1519 4581 1701 4654 aquismolis,
1717 4579 1895 4645 obstetisset

257 4667 408 4742 &hbesqttl
423 4669 457 4726 ab
473 4673 592 4732 omnium
604 4673 797 4732 monachorum
802 4714 1044 4735 .........
1096 4676 1226 4748 quidquid
1245 4677 1273 4733 in
1286 4675 1492 4748 quibuscunque
1493 4709 1708 4732 ..................
1722 4671 1831 4727 ridetur
1848 4668 1894 4725 rel

258 4771 352 4815 eorum
368 4777 418 4833 pro
441 4763 488 4820 liei
510 4779 603 4822 amore
622 4767 760 4824 arantium
776 4767 937 4826 monachico
951 4771 1048 4828 ordine
1097 4770 1234 4844 potestate
1259 4767 1380 4842 legaiiter
1407 4768 1537 4824 donatum
1562 4766 1606 4825 rel
1633 4766 1761 4837 largitum
1789 4762 1893 4828 luerit,

258 4852 443 4909 militantium.
456 4853 639 4915 Nihilominus
652 4861 779 4918 omnibus
795 4861 859 4922 huic
875 4862 962 4919 nostri
978 4879 1048 4936 pon·
1099 4873 1146 4918 aut
1166 4863 1287 4934 quolibet
1306 4862 1387 4919 modo
1404 4861 1478 4930 juste
1501 4859 1643 4926 evenerit,
1666 4869 1760 4916 tenere
1782 4864 1811 4913 et
1831 4869 1896 4926 pos-

259 4943 337 5000 tilleii
357 4945 551 5007 interdictione.
567 4951 721 5011 inhibemus
743 4953 868 5029 aliquam
884 4958 1054 5030 scripturam
1099 4956 1191 5013 sidere
1214 4956 1274 5012 sine
1296 4939 1418 5027 qualibet
1443 4951 1630 5010 conmoversla
1656 4949 1799 5023 perpetuis
1824 4957 1897 5004 tem·

260 5035 305 5092 rel
329 5037 563 5098 confirmationem
587 5042 621 5104 de
643 5044 765 5117 praedicti
784 5050 941 5106 monasterii
967 5051 1052 5108 rebus
1100 5046 1212 5124 poribus
1228 5045 1353 5103 valeatis.
1371 5043 1404 5101 Et
1419 5044 1486 5108 nulli
1502 5058 1622 5115 unquam
1641 5041 1724 5099 liceat
1738 5054 1834 5112 regum
1837 5075 1895 5099 .....

258 5125 303 5182 '⁰¹
317 5128 684 5202 deliaemminsiasbbtiia
699 5137 874 5210 quoingento
888 5140 1051 5220 contr-ahoe
1098 5129 1111 5196 '.
1123 5175 1356 5197 ...........
1375 5136 1563 5209 episcoporum
1567 5173 1756 5195 .........
1779 5135 1822 5189 rel
1844 5146 1894 5188 sc·

259 5231 426 5294 preceptum
440 5234 544 5295 petere.
563 5225 594 5284 Si
608 5241 663 5299 qua
682 5229 817 5302 scriptura
830 5229 874 5287 rel
887 5229 984 5302 petitio
997 5232 1051 5290 im·
1101 5242 1191 5294 torum
1204 5246 1296 5301 parre
1308 5228 1350 5285 rol
1363 5245 1467 5301 magna
1480 5243 1603 5300 persone
1619 5229 1645 5284 in
1663 5227 1795 5299 predicto
1810 5239 1895 5280 uene·

261 5321 367 5385 petrata
380 5315 478 5386 luerit,
492 5319 577 5376 autin
591 5321 698 5393 reliquo
710 5323 880 5396 apparuerit,
894 5323 943 5380 ltas
957 5324 1055 5382 irritas
1103 5325 1180 5382 rabili
1193 5325 1359 5387 monasterio
1376 5323 1419 5380 rel
1433 5323 1461 5380 in
1480 5323 1522 5380 eis
1544 5337 1605 5393 quae
1628 5322 1717 5378 cidern
1742 5319 1896 5377 venerabili

262 5419 488 5485 esseracuasque
505 5414 581 5472 omni
595 5416 693 5476 robore
711 5416 848 5488 jubemus.
869 5417 970 5490 Siquis
982 5433 1052 5490 pre·
1102 5419 1267 5476 monasterio
1285 5419 1423 5492 pertinere
1433 5418 1561 5474 ridentur
1571 5430 1736 5488 quocunqne
1750 5415 1833 5470 modo
1852 5413 1896 5468 in-

262 5507 351 5571 terea,
365 5506 438 5575 quod
458 5521 513 5564 noo
535 5509 681 5578 credimus,
704 5511 906 5586 presumpserit
925 5513 977 5568 lroe
1001 5527 1056 5568 no·.
1102 5514 1229 5570 cumbere
1246 5520 1293 5568 aut
1310 5512 1477 5568 invasionem
1492 5510 1582 5566 lucere
1585 5545 1796 5568 .........
1814 5519 1896 5563 aces·

262 5599 351 5648 strum
374 5593 509 5668 privilegii
532 5599 709 5658 constitutum
736 5601 763 5658 in
783 5602 874 5675 aliquo
895 5603 1052 5674 transgredi
1103 5585 1217 5660 derenci
1228 5603 1372 5659 missarum
1382 5598 1734 5666 solemniacelebrarc,nisi
1746 5597 1781 5653 ab
1794 5596 1896 5653 abbate

151 5733 157 5742 .
263 5690 313 5738 aut
340 5689 534 5757 contemndo,
562 5693 632 5749 scint
663 5708 693 5750 se
721 5695 887 5752 auctoritate
910 5693 1052 5751 beatorum
1103 5695 1187 5752 luerit
1203 5694 1345 5761 inritatum
1363 5700 1496 5762 quatenus
1516 5690 1568 5748 boc
1586 5692 1659 5764 qnod
1681 5692 1714 5746 ad
1735 5689 1845 5746 laudern
1867 5694 1896 5744 ct

264 5769 340 5842 Petri
356 5785 385 5834 et
398 5775 474 5838 Pauli
487 5785 670 5854 apostolorum
693 5788 851 5864 principum.
868 5789 1053 5852 anathematis
1106 5786 1284 5847 stabilitatem
1297 5783 1445 5856 supradicti
1464 5785 1552 5844 saneti
1569 5777 1728 5844 monasterii
1748 5779 1901 5866 ominum
