4109 6325
282 342 334 404 stt
724 334 919 395 ltvboclilv'tlt
937 334 970 392 lll
989 335 1041 395 Pl’.
1062 330 1300 393 recessesunt
1318 330 1384 389 blli.
1404 330 1475 389 xvi.
1860 332 1916 392 tte

283 462 419 528 arnaldus
439 458 602 527 bainaldus,
614 466 641 513 ιι
655 455 808 528 Stepbanus
821 453 918 511 vitalis
932 452 967 510 de
990 452 1069 509 beal-
1083 455 1108 515 Α
1120 451 1294 527 possideatis.
1310 450 1350 507 Eo
1365 458 1454 533 tamen
1469 446 1542 518 pacti
1563 457 1659 505 tenore
1677 413 1802 521 apposito
1816 459 1845 507 ιι
1857 451 1917 510 ier.

283 542 364 601 bata.
379 536 407 591 el
422 534 453 589 B.
466 530 561 585 Petrus
574 529 607 585 de
617 527 723 593 Coaan,
735 539 763 583 ιι
775 525 934 583 Guillelmus
949 524 1068 588 isarnus,
1120 541 1177 589 ma,
1198 532 1228 577 ut
1244 537 1294 594 per
1311 524 1495 577 detentionem
1519 518 1709 603 praedicturum
1731 521 1866 578 bonorum
1886 535 1916 582 et

282 620 310 666 ιι
321 603 486 663 llaimnndus
500 600 632 655 bobertus
643 600 676 654 de
690 596 790 663 Tauro,
801 607 830 653 et
839 596 935 651 vitalis
945 596 978 649 de
988 593 1070 650 Prin·
1120 604 1273 657 nostrarum
1285 605 1465 663 personarum
1477 598 1587 659 possrtrs
1601 590 1767 661 compellere
1777 601 1805 647 et
1817 608 1917 665 urgere

283 682 369 735 cbaco
383 672 455 743 (tat,
469 679 495 727 ιι
509 668 539 727 P.
554 668 709 731 Erubrinus,
721 678 748 723 ιι
760 668 793 725 G.
808 666 919 737 Pontius
931 664 1025 729 listro,
1043 673 1071 720 et
1120 682 1170 726 nos
1191 664 1225 719 ad
1243 664 1335 720 omnia
1350 660 1396 716 illa
1417 660 1589 731 exsequenda
1612 670 1641 716 et
1660 660 1830 719 observanda
1855 680 1916 734 quae

281 745 436 806 bernardus
458 738 723 801 balaenaceam.
737 739 770 794 de
788 736 1027 801 Sebalebcnsibus,
1043 742 1072 790 et
1120 734 1246 796 dominus
1261 749 1330 806 papa
1347 742 1376 789 ιι
1393 740 1568 787 sacrosancta
1589 728 1713 787 Romana
1737 732 1859 790 Ecclesia
1881 738 1917 792 de

282 816 420 877 brnalrlus
436 813 469 868 de
490 810 599 867 lloaisio
616 808 687 865 illius
711 810 741 866 B.
757 808 814 881 (it)
836 808 870 864 de
892 806 1003 863 Roaisio
1023 804 1071 877 qui
1120 807 1245 880 personis
1258 802 1360 859 nostris
1379 801 1503 883 corebus
1517 801 1670 857 decreverit
1687 806 1843 860 statuenda.
1858 805 1916 863 Sub

282 888 344 955 luit,
355 894 383 941 ιι
398 882 473 955 llugo
484 880 598 941 Surdus.
609 892 636 937 et
646 882 800 937 Bernardus
811 880 959 941 Gerardus,
972 883 1000 930 ιι
1010 874 1070 932 Sta·
1121 874 1241 949 periculo
1261 889 1327 946 ergo
1341 872 1541 929 commissionis
1559 880 1588 927 et
1606 886 1688 942 poena
1708 876 1830 932 omnium
1845 892 1916 948 pm-

281 962 388 1033 pisanus
397 952 613 1037 Signariusflii),
625 954 658 1007 de
667 951 805 1007 voluntate
812 962 942 1020 expressa
951 954 979 1003 et
994 961 1072 1001 man·
1120 948 1256 1003 dictorum
1281 952 1433 1000 castrorum
1456 950 1484 999 et
1503 943 1592 1027 totius·
1608 951 1820 1020 terrenostrae.
1837 949 1916 1005 vobis

283 1034 348 1089 dato
369 1024 471 1081 dorruui
495 1022 639 1078 llaimundi
655 1020 701 1077 liei
733 1020 802 1076 retia
825 1019 928 1077 Tolosae
951 1016 1069 1079 comitis,
1122 1015 1314 1087 stipulantibus
1334 1028 1383 1083 per
1397 1013 1545 1069 solemnem
1558 1012 1762 1085 stipulationem
1776 1016 1847 1073 bonu
1863 1020 1916 1075 lide

282 1100 359 1156 urreis
374 1096 517 1159 Narbouae,
530 1092 694 1149 marchionis
706 1037 865 1157 lgrovbvciae,
882 1101 909 1147 et
923 1086 1070 1143 Rairnundi
1120 1085 1305 1161 promittimus
1320 1083 1392 1153 quod
1411 1084 1503 1139 omnia
1521 1099 1583 1155 que
1603 1085 1730 1167 dominus
1748 1101 1819 1159 papa
1837 1089 1915 1149 nobis

283 1171 331 1227 lilii
346 1168 415 1235 ejus,
427 1167 461 1222 de
475 1164 611 1222 communi
623 1178 754 1219 consensu
768 1160 954 1218 universitatis
966 1156 1071 1215 Tolosae
1121 1161 1155 1225 de
1168 1158 1292 1230 personis
1306 1165 1353 1210 aut
1375 1154 1409 1210 de
1429 1162 1502 1209 terra
1521 1162 1615 1211 nostra
1636 1156 1787 1225 injunxerit
1802 1160 1916 1215 fideliter

281 1238 468 1313 promittimus
494 1234 571 1291 vobis
596 1234 704 1289 domino
728 1232 809 1288 Petro
831 1232 878 1288 liei
898 1230 986 1304 gratia
1012 1227 1070 1297 regi
1121 1228 1278 1285 curabimus
1294 1225 1443 1296 adimplere
1455 1232 1483 1280 et
1499 1224 1527 1280 in
1548 1236 1710 1296 perpetuum
1727 1230 1816 1284 modis
1828 1232 1915 1286 omni·

282 1309 496 1382 Aragonensbrm
516 1315 543 1361 ιι
561 1304 652 1360 comiti
675 1302 934 1360 barchinonensium
951 1299 1023 1371 quod
1036 1297 1071 1352 ad
1121 1300 1173 1357 bus
1197 1299 1363 1363 observare;
1383 1304 1412 1352 et
1437 1298 1510 1366 quod
1528 1296 1566 1351 ιιι
1592 1305 1677 1353 totum
1701 1299 1915 1371 adimpleamus.

283 1384 374 1439 omnia
397 1378 509 1435 tenenda
526 1384 555 1430 ct
569 1374 692 1429 babenda
714 1382 742 1431 ιι
757 1374 877 1444 plenarie
896 1368 1070 1442 exsequenda
1121 1381 1150 1428 et
1176 1378 1271 1427 contre
1302 1383 1357 1423 nou
1385 1368 1545 1431 veniamus,
1572 1368 1617 1423 vel
1652 1366 1740 1440 aliqua
1776 1381 1838 1427 arte
1872 1372 1916 1427 rel

283 1464 311 1510 et
336 1459 459 1523 potenter
483 1445 644 1519 possidenda
668 1460 728 1515 quse
755 1444 879 1499 dominus
902 1440 1072 1497 bairuundus
1121 1442 1231 1514 ingenio
1251 1438 1294 1495 vel
1315 1438 1349 1493 ab
1374 1438 1593 1507 aliquapersona
1610 1439 1697 1494 veniri
1714 1442 1916 1509 sustineamus,

284 1516 493 1580 cumesl'olosae
512 1524 539 1573 et
560 1514 728 1571 Raimnndus
746 1513 889 1582 ejuslilius
909 1510 987 1567 vobis
1007 1522 1072 1579 pro·
1122 1514 1157 1567 dc
1186 1511 1312 1568 omnibus
1347 1508 1527 1566 concedentes
1554 1509 1634 1565 vobis
1663 1520 1823 1580 potestatem
1856 1514 1918 1584 plc-

283 1584 657 1659 miseruntquemadnodum
668 1584 832 1654 insuperiori
844 1583 1025 1639 instrumento
1036 1578 1071 1633 ab
1122 1583 1239 1646 nariam,
1259 1594 1306 1651 per
1326 1579 1411 1635 licum
1427 1589 1455 1633 et
1475 1580 1532 1635 baec
1554 1590 1649 1636 sancta
1672 1582 1827 1652 Evangelia,
1852 1598 1918 1639 cor·

282 1666 324 1721 eis
338 1662 414 1718 vobis
426 1660 498 1715 lacto
509 1657 614 1728 plenius
629 1656 795 1719 continetur,
806 1668 898 1709 curam
907 1652 1034 1708 dabimus
1044 1655 1072 1705 et
1159 1653 1252 1709 naliter
1272 1661 1354 1717 ιιιιι,
1379 1650 1625 1721 montemferetris,
1649 1664 1844 1723 cognoscentes
1866 1669 1918 1725 W

283 1747 406 1803 operam,
413 1739 440 1786 et
447 1727 612 1798 diligentiam
623 1740 703 1795 quam
714 1725 862 1796 poterimus
873 1720 1070 1783 adhibebimus.
1122 1723 1193 1779 vdem
1205 1730 1406 1779 sacramentum
1418 1721 1494 1776 vobis
1503 1722 1609 1790 pridem
1621 1736 1671 1777 nos
1682 1727 1806 1777 eamdem
1819 1736 1919 1794 poten-

282 1815 314 1859 ut
326 1813 378 1858 tarn
390 1802 423 1857 de
434 1798 554 1871 personis
567 1796 623 1851 suis
635 1810 715 1865 quam
727 1796 759 1851 de
771 1794 919 1850 bonoribus
928 1794 994 1856 suis,
1003 1805 1072 1861 quos
1124 1795 1190 1850 tiam
1206 1795 1383 1850 concessisse.
1400 1790 1434 1846 Et
1445 1791 1478 1846 ad
1494 1791 1623 1859 nrajorem
1636 1791 1717 1861 bujus
1728 1792 1793 1848 lecti
1804 1795 1917 1850 eviden-

283 1889 356 1930 uune
371 1872 472 1928 babent
488 1868 530 1924 vel
545 1866 644 1921 babere
660 1866 767 1931 debent,
783 1864 836 1930 vel,
849 1864 904 1920 Deo
915 1871 1070 1935 praestante,
1086 1840 1110 1902 Β
1125 1867 1190 1921 ιιιιι
1205 1866 1274 1921 banc
1285 1865 1410 1937 paginam
1429 1862 1515 1918 nostri
1533 1862 1614 1936 sigilli
1627 1862 1774 1934 praesentia
1790 1878 1915 1921 commu.

284 1942 494 2015 recuperabunt.
509 1938 617 2009 possitis
637 1937 792 1991 satisfacere
811 1934 940 1992 voluntati
955 1941 982 1989 et
996 1947 1074 1987 man·
1124 1938 1225 1992 nimus.

287 2016 353 2070 dato
366 2011 466 2069 domini
480 2022 567 2081 papae,
579 2017 606 2063 et
618 2006 694 2063 vobis
706 2008 731 2061 in
744 2008 777 2063 iis
790 2021 851 2077 quae
871 2005 972 2060 eisdem
990 2003 1075 2058 dorni·
1159 2008 1258 2063 Actum
1271 2012 1315 2060 cst
1328 2004 1379 2059 boc
1397 2013 1425 2060 ct
1442 2005 1479 2059 ιιι
1490 2017 1652 2060 ιιιιιιιιιι
1674 2020 1756 2077 apum
1775 2006 1916 2074 Tolosam,

284 2100 338 2141 nus
357 2096 426 2154 papa
445 2078 597 2136 decreverit
618 2078 780 2149 injungenda
805 2076 987 2146 promittimus
1002 2075 1073 2130 bons
1124 2094 1152 2133 ιι
1163 2078 1222 2133 llal.
1235 2074 1387 2142 Februarii,
1399 2090 1472 2130 anno
1484 2073 1632 2131 bominicae
1643 2075 1843 2135 incarnationis
1855 2080 1919 2134 mil·

285 2156 373 2211 bdeet
381 2150 548 2209 sinedolnac
560 2148 652 2204 fraude
660 2149 798 2215 auxilium,
806 2148 947 2203 consilium
958 2156 984 2201 ιι
993 2158 1073 2215 opem
1125 2148 1221 2205 lesimo
1236 2148 1422 2203 ducentesimo
1432 2146 1539 2202 decimo
1557 2148 1689 2205 secando.
1711 2149 1867 2206 Βιιιιιιιιιι
1883 2153 1919 2207 de

285 2234 418 2298 quantam
433 2222 582 2293 poterimus
594 2227 619 2273 ιι
632 2218 771 2287 juvamen,
784 2226 816 2275 et
832 2220 865 2274 ad
880 2218 971 2273 omnia
985 2215 1073 2270 adim·
1126 2220 1270 2292 llgcnacco
1280 2218 1402 2287 predicti
1414 2217 1516 2273 domini
1526 2218 1635 2273 comitis
1646 2218 1781 2277 Furensis
1792 2222 1917 2279 neurius

283 2292 574 2368 plendsomnimedam
586 2286 1075 2358 fidelitatemvobiseteisquilotuut
1124 2294 1245 2349 existens
1267 2291 1339 2347 banc
1360 2288 1471 2360 scripsit
1489 2300 1518 2345 et
1536 2288 1625 2361 sipla
1647 2289 1767 2362 ejusdem
1786 2294 1919 2350 remobe·

284 2376 404 2423 vestrum
417 2361 563 2419 tenuerint.
578 2359 763 2416 Promittimus
773 2360 854 2415 etiarn
866 2359 943 2416 vobis
954 2372 1005 2414 nos
1015 2357 1074 2411 sin·
1126 2364 1207 2419 ravit.
1915 2402 1919 2406 .

285 2436 341 2511 puli
353 2446 381 2492 ιι
392 2432 510 2489 ιιιιιιιι
525 2431 713 2503 praenominati
728 2430 851 2486 consules
862 2438 891 2487 et
902 2437 956 2485 tuta
969 2427 1075 2483 Folosae
1283 2446 1424 2488 erorsssro
1441 2446 1550 2491 eorrrts
1570 2446 1757 2491 ιιιιιιιιιιιι.

286 2506 450 2563 universitas
464 2506 535 2573 quod
551 2504 578 2557 in
590 2501 623 2556 iis
634 2500 759 2557 ornnibus
769 2516 830 2571 quse
840 2514 872 2556 ex
885 2509 962 2572 parte
971 2498 1076 2555 donnini
1690 2548 1706 2561 ..

284 2592 362 2652 papae
374 2586 401 2633 et
415 2582 517 2630 sanetas
531 2572 660 2627 Romanae
673 2571 800 2626 Ecclesiae
813 2572 892 2627 nobis
903 2568 1076 2626 mandaveri-
1301 2544 1436 2618 iT⁰¹⁰⁸²r
1449 2561 1477 2603 ιι
1489 2544 1551 2602 Μ·
1565 2544 1739 2619 Feblumbi

286 2650 323 2705 tis
335 2662 385 2703 vos
398 2645 440 2700 vel
454 2642 491 2699 illi
507 2644 553 2713 qui
569 2642 643 2697 vices
660 2649 764 2697 vestras
780 2642 926 2707 tenuerint,
940 2640 1075 2696 volurttati
1161 2640 1190 2697 ln
1202 2641 1249 2696 liei
1262 2640 1384 2695 nomine.
1401 2638 1515 2694 Cunctis
1529 2640 1566 2697 sit
1578 2640 1755 2697 manilesturn
1812 2641 1847 2699 od
1866 2657 1919 2701 nos

284 2718 388 2775 domini
399 2728 476 2787 papae
491 2722 593 2769 stemus
609 2713 635 2767 in
650 2711 814 2767 omuibuset
827 2726 875 2783 per
886 2710 978 2768 omnia
989 2720 1017 2767 ιι
1029 2724 1075 2765 ar·
1126 2712 1282 2767 Bernardus
1301 2724 1393 2766 comes
1407 2710 1599 2770 Convenarum
1618 2719 1648 2766 ιι
1668 2710 1774 2767 Βιιιιι
1793 2728 1825 2769 us
1843 2714 1919 2771 illius

284 2789 368 2847 bitrio
392 2801 441 2843 seu
461 2783 606 2854 cognitioni
631 2784 816 2853 unusquisque
832 2797 881 2853 per
902 2798 942 2847 se,
964 2791 991 2837 ιι
1010 2797 1076 2836 con·
1125 2782 1236 2855 eiusad
1258 2782 1387 2837 bonorem
1406 2779 1454 2837 bei
1469 2787 1498 2835 et
1514 2790 1614 2837 sanctae
1632 2782 1729 2838 matris
1746 2783 1875 2841 Ecclesia
1890 2793 1922 2841 et

286 2871 327 2917 tra
347 2871 400 2914 non
418 2856 560 2911 veniemus
576 2853 666 2924 aliqua
685 2855 800 2911 ratione.
817 2853 880 2909 llaec
893 2853 984 2909 omnia
997 2866 1077 2921 supe·
1126 2853 1229 2912 domini
1252 2850 1412 2917 innocentii,
1434 2850 1481 2921 qui
1499 2862 1683 2908 sacrosanctae
1702 2855 1829 2911 Romanae
1842 2856 1921 2912 sedis

284 2931 343 2989 rius
355 2927 457 2998 scripta
472 2925 642 2981 attendemus
651 2930 679 2979 et
692 2923 898 2980 observabimus
912 2939 944 2980 ιι
956 2924 1076 2994 cumple-
1125 2924 1233 2983 obtiuet
1246 2923 1431 2994 presulatum,
1446 2922 1572 2992 ponimus
1590 2932 1620 2979 ιι
1638 2924 1770 2982 mittimus
1781 2924 1922 2995 personas

285 3002 377 3058 bimus
389 3000 460 3055 buna
472 2994 536 3063 lide,
557 3004 586 3050 et
603 3004 701 3049 contra
719 2992 819 3065 aliquid
839 3010 893 3049 non
907 2994 1077 3050 nraclrinabi·
1127 3004 1235 3053 nostras
1255 2996 1282 3048 ιι
1302 3008 1385 3049 mauu
1402 3002 1431 3048 et
1449 3000 1583 3063 potestate
1601 2995 1687 3050 vestri
1703 2995 1803 3052 donnini
1824 2998 1921 3055 nostri

287 3086 349 3127 mus
364 3084 412 3140 per
429 3080 479 3122 tros
492 3064 534 3119 vel
552 3078 601 3135 per
620 3065 702 3119 aliam
715 3078 905 3135 quamcunque
919 3079 1074 3135 personam.
1126 3065 1202 3123 Petri
1221 3065 1267 3122 liei
1285 3065 1375 3137 gratia
1393 3064 1467 3135 regis
1485 3064 1671 3136 Αιιιςιιιιιιιι
1684 3076 1712 3122 ιι
1730 3067 1839 3123 comitis
1853 3066 1923 3123 liar»

286 3142 334 3199 Sic
346 3154 395 3196 nos
408 3138 480 3194 lieus
493 3134 601 3205 adiuvet
613 3144 640 3191 et
657 3136 715 3192 baec
728 3146 904 3192 sacrosancta
915 3134 1074 3208 Evangelia,
1125 3137 1311 3203 chinonensis,
1337 3144 1533 3206 cogmscentes
1554 3146 1583 3192 et
1600 3138 1740 3194 veraciter
1756 3140 1920 3199 confitentes

287 3229 304 3268 a
322 3211 400 3268 uobis
419 3207 534 3279 siugulis
552 3205 732 3277 iureiurando
748 3207 929 3278 corporaliter
946 3216 1028 3264 ιιιιι.
1043 3189 1112 3262 EtG
1129 3225 1178 3266 nos
1192 3209 1301 3279 quidem
1318 3206 1464 3262 tradidisse
1483 3215 1582 3262 terram
1593 3219 1716 3264 nostram
1731 3210 1809 3266 vobis
1824 3220 1854 3267 ιι
1865 3212 1921 3266 mi·

286 3287 321 3340 ad
336 3281 415 3353 bujus
426 3278 527 3350 negotii
541 3278 621 3333 lldem
640 3277 797 3349 pleniorem,
817 3279 887 3334 bane
900 3278 1024 3352 paginam
1040 3278 1078 3333 si·
1128 3282 1168 3337 liti
1186 3287 1278 3338 vestro
1297 3277 1407 3334 nomine
1426 3277 1458 3333 P.
1481 3277 1516 3333 de
1536 3278 1640 3334 alcano
1658 3281 1769 3350 speciali
1791 3281 1888 3337 nuntio
1900 3298 1920 3339 ι

287 3353 413 3424 pillarum
428 3349 535 3405 comitis
549 3356 577 3405 et
593 3347 641 3404 lilii
662 3349 721 3420 eius
738 3358 767 3406 et
783 3349 894 3422 capituli
910 3350 1015 3407 Folose
1030 3363 1078 3404 av-
1127 3352 1205 3408 robis
1216 3352 1250 3406 ad
1266 3349 1319 3406 boc
1334 3350 1428 3414 ιιιιιι,
1444 3358 1474 3403 ιι
1487 3364 1548 3404 eam
1561 3350 1683 3419 plenarie
1696 3353 1812 3410 maeatis
1825 3362 1855 3409 ιι
1868 3368 1920 3422 po·

286 3424 413 3481 ctoritate
427 3422 598 3476 roboramus.
1127 3431 1220 3480 tenter
1237 3421 1415 3492 possideatist
1430 3433 1463 3476 ιι
1474 3427 1570 3476 terame
1589 3422 1713 3492 apposito
1730 3423 1920 3491 evisceraret

323 3493 380 3550 llos
395 3489 445 3547 luit
459 3491 496 3548 ita
510 3491 629 3560 positum
642 3489 734 3562 quirrta
746 3491 789 3548 die
806 3489 927 3547 ianuarii
943 3491 970 3545 in
983 3492 1077 3557 exitu,
1126 3509 1176 3566 per
1196 3492 1378 3549 detentionem
1401 3505 1579 3560 personarum
1602 3502 1756 3549 nostrarum
1783 3502 1813 3550 et
1835 3505 1917 3551 terrae

287 3565 354 3622 ieria
372 3564 475 3636 prima,
492 3559 615 3632 Philippo
629 3576 693 3632 rege
705 3561 872 3618 Francorum
893 3571 1030 3632 regnante,
1049 3569 1079 3618 et
1127 3572 1227 3622 nostrae
1244 3563 1354 3634 possitis
1367 3561 1530 3634 compellere
1549 3571 1578 3618 ιι
1598 3578 1697 3635 urgere
1713 3565 1811 3622 nosad
1822 3567 1916 3622 omnia

287 3639 382 3694 eodem
417 3632 568 3689 baimundo
604 3630 738 3689 'Fulosauo
763 3633 883 3696 comite,
905 3643 933 3688 ιι
959 3633 979 3688 F
982 3633 1078 3688 ulcone
1127 3637 1172 3691 iila
1184 3634 1358 3705 exsequenda
1370 3642 1399 3689 et
1411 3633 1582 3690 observanda
1612 3637 1793 3692 uadominus
1804 3645 1917 3708 papaet

286 3709 424 3778 episcopo,
447 3717 518 3759 anno
539 3703 581 3784 'ab
610 3701 906 3760 iucarnationeliuuriui
934 3705 1077 3761 millesime
1126 3714 1302 3765 sacrosancta
1318 3703 1440 3759 Romana
1458 3703 1576 3760 Ecclesia
1592 3649 1627 3760 fle
1639 3705 1764 3775 personis
1775 3711 1918 3764 nostriset

287 3775 473 3836 ducentesimo
487 3775 592 3830 decimo
615 3775 744 3829 seeundo.
1127 3777 1208 3834 rebus
1220 3775 1371 3832 decreverit
1383 3775 1536 3830 statuenda.
1552 3775 1610 3832 Sub
1628 3775 1751 3846 periculo
1762 3792 1829 3849 ergo
1841 3793 1918 3834 coru·

472 3859 614 3900 ruosessro
629 3859 738 3899 covrrrs
751 3859 886 3902 rurersrs.
1127 3847 1265 3904 missionis
1276 3854 1305 3901 et
1320 3859 1401 3916 pteua
1416 3846 1499 3901 tutius
1517 3855 1598 3902 terrae
1613 3857 1722 3913 nostra,
1737 3850 1916 3919 vobisstipu·

474 3914 601 3987 (Tolosae,
616 3930 642 3968 ιι
655 3913 712 3970 ιιιι.
727 3913 891 3985 Februarii.)
1126 3919 1245 3976 lantibus
1258 3931 1307 3988 per
1316 3917 1464 3974 solemnem
1478 3914 1681 3987 stipulationem
1694 3921 1765 3976 bona
1779 3919 1833 3975 lide
1848 3935 1916 3990 pro·

320 3987 350 4045 ln
367 3987 414 4044 bei
428 3987 546 4043 nomine.
560 3985 671 4040 Cunctis
685 3995 776 4055 pateat
789 3988 861 4056 quod
877 4000 926 4042 nus
943 3985 1075 4042 llaimun·
1127 3991 1261 4046 mittimus
1273 3988 1345 4059 quod
1361 3988 1453 4043 omnia
1473 4002 1534 4057 quae
1552 3989 1677 4044 domium
1696 4004 1763 4060 papa
1783 3991 1864 4048 nobis
1880 3991 1918 4046 de

287 4061 338 4118 dus
350 4058 458 4129 bonerii
472 4055 517 4112 liei
533 4056 620 4123 pratia
634 4069 726 4111 coines
737 4055 882 4122 Furensis,
898 4069 927 4112 et
944 4059 1077 4130 {legerius
1127 4060 1253 4132 personis
1267 4070 1316 4114 aut
1329 4068 1401 4115 terra
1415 4069 1507 4114 nostra
1518 4058 1666 4128 injunxerit
1678 4060 1795 4116 bdeliter
1804 4063 1917 4117 curabi-

288 4129 420 4186 Bernardi
436 4127 584 4197 liliusejus,
604 4127 637 4180 ad
658 4125 788 4182 bonorem
806 4125 852 4183 uei
867 4137 894 4182 et
908 4139 1008 4184 sauctae
1022 4128 1077 4183 lla·
1127 4147 1188 4188 mus
1198 4129 1346 4200 adimplere
1359 4139 1386 4184 ιι
1399 4128 1426 4184 ιι
1439 4142 1600 4200 perpetuum
1618 4131 1707 4186 modis
1726 4133 1852 4188 omnibus
1866 4131 1918 4186 ob-

286 4203 337 4258 ιιιι
352 4197 478 4256 Ecclesia
491 4205 519 4254 et
533 4195 634 4252 domini
653 4195 810 4264 iunocentii,
833 4198 879 4270 qui
894 4209 1077 4255 sacrosanctae
1126 4217 1247 4260 servare.
1263 4200 1294 4257 Et
1311 4201 1382 4272 quod
1399 4201 1435 4255 ιιι
1457 4209 1543 4255 totum
1559 4200 1765 4272 adimpleamus,
1776 4212 1804 4260 et
1818 4215 1917 4258 eontra

286 4272 416 4330 bertrame
433 4269 505 4324 sedis
518 4269 622 4324 obtinet
634 4267 817 4352 presulatum,
833 4269 959 4339 ponimus
969 4278 997 4325 ιι
1010 4271 1075 4325 nb·
1126 4288 1180 4329 nun
1191 4272 1343 4336 veniamus,
1357 4270 1400 4326 vel
1413 4271 1503 4344 aliqua
1517 4281 1576 4328 arte
1590 4283 1635 4327 aut
1652 4273 1759 4343 ingenio
1771 4275 1806 4330 ab
1823 4274 1915 4344 aliqua

287 4344 370 4397 timus
382 4353 513 4410 personas
530 4347 636 4394 nostras
650 4346 678 4394 et
692 4351 816 4395 universa
829 4349 919 4396 eastra
937 4350 1030 4396 nostra
1048 4350 1077 4397 ιι
1125 4358 1242 4415 persona
1253 4344 1339 4399 veniri
1351 4343 1546 4407 sustineamus,
1556 4343 1589 4398 de
1600 4345 1725 4400 omnibus
1736 4344 1918 4400 concedentes

289 4411 453 4466 rnunitiones
467 4420 495 4464 et
510 4407 604 4466 fortias
620 4420 648 4465 ιι
664 4423 775 4474 caunas,
790 4409 894 4467 scilicet
907 4420 1027 4467 castrum
1042 4413 1076 4468 de
1127 4415 1203 4471 vobis
1220 4422 1380 4484 potestatem
1398 4413 1559 4482 plenariam,
1579 4429 1628 4483 per
1641 4413 1726 4469 licum
1739 4423 1766 4469 ct
1779 4414 1838 4470 baec
1853 4431 1917 4470 san-

287 4483 372 4547 Furo,
391 4481 424 4537 de
444 4479 647 4552 blantegalardi,
667 4480 701 4535 de
716 4479 888 4546 Montanum,
911 4483 944 4538 de
963 4483 1075 4539 Castro·
1127 4496 1170 4542 ιιι
1185 4485 1341 4556 Evangelia,
1352 4485 1527 4554 corporaliter
1542 4495 1623 4552 tacta,
1634 4488 1729 4556 spobte
1738 4486 1873 4553 juramus.
1885 4485 1918 4540 Et

285 4553 426 4624 pendenti,
438 4551 470 4607 de
481 4550 645 4619 Farascoue,
658 4551 691 4606 de
703 4551 903 4625 tttnascottt),
914 4554 948 4609 de
958 4553 1073 4621 Ravato,
1087 4551 1115 4612 D
1127 4557 1161 4612 ad
1181 4555 1310 4624 majorem
1330 4555 1410 4624 bujus
1430 4554 1494 4610 iacti
1511 4557 1675 4612 evidentiam
1696 4558 1767 4612 banc
1785 4558 1915 4628 paginam
1946 4617 1955 4632 ι

286 4627 320 4679 de
341 4621 510 4688 iliramonte,
534 4623 568 4678 de
587 4621 729 4692 llereglos,
754 4625 788 4677 de
808 4623 935 4692 Cerraeto,
956 4628 990 4682 de
1003 4626 1075 4698 lige·
1125 4629 1213 4684 nostri
1227 4626 1304 4698 sigilli
1318 4627 1460 4697 praesentia
1472 4626 1674 4682 corrbrmamus.

287 4710 383 4761 ιιιιιι,
399 4695 433 4748 de
448 4694 524 4762 Vico,
548 4695 581 4748 dc
604 4691 790 4761 blouteregali,
811 4695 845 4750 de
866 4707 958 4753 castro
976 4697 1075 4753 Virdu·
1161 4698 1224 4754 llaec
1244 4706 1303 4753 acta
1319 4706 1384 4752 sunt
1399 4699 1469 4766 apud
1487 4695 1624 4763 Tolosam,
1643 4713 1668 4752 vr
1684 4697 1745 4753 llari.
1760 4697 1916 4763 Februarii,

285 4767 375 4832 riensi,
391 4767 424 4822 de
439 4763 551 4826 Lurdat.
565 4765 598 4818 dc
612 4761 730 4829 Unaeeo,
741 4773 769 4820 ιι
784 4762 817 4818 dc
832 4761 914 4833 ilaus,
925 4775 953 4821 ιι
966 4769 1075 4822 ιιιιιιι-
1125 4783 1197 4825 anno
1208 4769 1354 4824 Dominicae
1365 4768 1563 4825 incarnationis
1574 4767 1719 4825 rrrillesimo
1730 4771 1916 4826 ducentesimo

285 4850 330 4891 sas
340 4849 441 4891 caunas
453 4836 487 4890 de
500 4833 635 4899 Salauris,
649 4833 682 4890 de
693 4831 817 4897 Subitan.
833 4838 867 4891 dc
881 4835 1029 4904 Ouolacco,
1041 4840 1075 4894 de
1125 4841 1230 4896 decimo
1241 4841 1371 4896 secundo.

286 4905 405 4972 verdun,
420 4905 453 4960 de
466 4903 596 4986 signavit,
617 4914 645 4960 et
664 4905 697 4960 de
716 4905 831 4971 ιιιιιιιι,
852 4915 879 4961 ιι
902 4918 1030 4963 ntentans
1047 4919 1076 4965 ιι
1289 4947 1430 4988 „0555510
1443 4947 1571 4989 mmm,
1585 4949 1618 4988 Μ
1632 4947 1748 4990 mm,

285 4977 380 5044 valles,
393 4983 538 5032 etomnem
555 4976 634 5030 altam
655 4986 755 5030 terrant
773 4990 832 5046 ιιι
851 4978 883 5032 ad
904 4992 954 5034 nos
975 4989 1003 5034 et
1023 4994 1074 5034 no·
1687 5023 1703 5036 ..

285 5056 357 5105 stros
378 5061 540 5118 qtrocuuque
552 5044 613 5114 jure
630 5048 672 5100 vel
690 5061 772 5102 causa
791 5049 907 5116 pertinet
923 5058 972 5104 aut
990 5049 1075 5120 perti·
1309 5022 1437 5094 (T⁰¹⁰⁸ae²
1449 5038 1475 5077 Ἦ
1487 5023 1548 5079 Kal·
1564 5022 1728 5095 mmm)

284 5135 350 5175 nere
365 5119 445 5174 debet
467 5127 516 5172 aut
535 5125 635 5188 potest,
659 5117 686 5170 in
706 5131 786 5171 manu
799 5127 827 5171 ιι
840 5127 975 5189 potestate
989 5120 1090 5175 vestri.
1160 5115 1189 5169 ln
1211 5115 1311 5171 Christi
1331 5115 1451 5172 numine.
1473 5116 1517 5172 Sit
1536 5124 1631 5171 notum
1653 5114 1759 5171 eunctis
1778 5114 1851 5188 quod
1866 5129 1918 5184 ego

285 5190 386 5246 domini
398 5188 484 5243 nostri
495 5188 566 5259 regis
576 5188 759 5257 bregonensis
771 5195 798 5242 ιι
808 5189 914 5246 ιιιιιιιιι
925 5191 1075 5246 Βιιιιιιιιι-
1123 5185 1209 5243 (lasto
1223 5185 1270 5241 bei
1288 5188 1377 5256 gratia
1392 5187 1543 5242 vicecomes
1554 5185 1714 5242 beameusis
1724 5195 1752 5241 et
1763 5199 1856 5243 eomes
1870 5186 1917 5241 lii·

284 5263 387 5326 uerrsis.
401 5267 431 5315 ut
448 5274 481 5314 ιι
502 5260 593 5314 ιιιιιι
614 5259 733 5329 plenarie
746 5268 773 5315 et
784 5269 906 5330 potenter
919 5262 1035 5317 teneatis
1045 5271 1074 5318 et
1124 5272 1213 5328 gorra
1231 5259 1266 5312 ad
1280 5257 1411 5314 lrouorem
1427 5257 1475 5314 bei
1486 5267 1514 5312 ιι
1524 5265 1626 5314 sancte
1640 5258 1735 5314 matris
1746 5256 1879 5313 Ecclesiae
1888 5264 1919 5312 ct

319 5400 377 5472 (ta)
396 5403 474 5474 bpnd
487 5400 575 5459 Catel.
592 5400 745 5457 Praebere.
1123 5397 1152 5454 in
1167 5397 1239 5452 banc
1258 5394 1330 5450 diem
1346 5393 1476 5461 Octauiri,
1490 5391 1755 5464 dulcissimaepatriae
1766 5391 1916 5465 (Nannen-

319 5473 377 5544 (ιι)
394 5475 473 5545 bpud
485 5473 572 5530 Catel.
585 5473 709 5528 brualdi.
1122 5484 1202 5541 quent
1216 5465 1334 5521 ιιιιιιιιιι
1346 5465 1429 5519 nostri
1441 5464 1552 5518 reticebo
1568 5461 1692 5519 Tolosam
1703 5479 1766 5519 cum
1782 5461 1917 5529 busauio)

318 5543 377 5616 ιιι)
391 5545 492 5618 Viginti
508 5554 625 5616 quatuor
638 5541 765 5600 corisules
782 5542 816 5600 ab
828 5541 907 5596 initio
921 5540 973 5598 sub
984 5539 1073 5612 impe·
1123 5537 1249 5610 dignitati
1279 5534 1436 5607 municipali
1465 5534 1639 5604 capessendae
1666 5535 1863 5598 incubuerunt,
1886 5541 1916 5586 ut

286 5612 330 5668 rio
342 5612 461 5680 Forsini,
473 5615 507 5672 de
523 5629 578 5686 quo
592 5628 674 5684 supra
686 5614 735 5670 lib.
747 5629 809 5678 rrrr,
832 5613 912 5683 epist.
930 5612 964 5667 lt
985 5626 1076 5682 usque
1124 5619 1246 5680 paretes
1263 5605 1353 5663 Fastis
1366 5603 1566 5671 consularibus,
1581 5606 1628 5663 ubi
1639 5606 1674 5661 ad
1687 5604 1845 5676 exemplum
1863 5601 1917 5656 llo·

286 5684 437 5742 adaurturn
450 5685 652 5750 bominillbd,
677 5685 800 5757 quamvis
828 5682 918 5739 medio
949 5690 1073 5751 tempore
1123 5677 1492 5751 marradignitatisiamosas
1512 5685 1622 5749 patrum
1648 5675 1784 5750 imagines
1803 5684 1917 5731 ornatas

284 5753 421 5810 interdurn
434 5766 562 5826 quatuor,
578 5755 723 5825 aliquande
734 5769 792 5820 sex,
807 5755 916 5817 iterum,
928 5754 1072 5809 duodecim
1123 5765 1243 5826 purpura
1256 5750 1348 5805 ridere
1360 5748 1432 5804 licet.
1828 5769 1833 5779 ·

286 5823 394 5897 clavum
404 5826 549 5898 gustarint,
564 5827 612 5884 ved
625 5828 813 5898 perducentes
823 5823 880 5882 iere
890 5837 1071 5895 annosusqus
1091 5867 1122 5900 a
1157 5819 1294 5897 tiblbpad
1307 5819 1393 5878 (latei.
1410 5817 1544 5877 bornaco.
