4109 6325
185 308 237 365 sti
651 298 904 357 roxttrtcato's
922 296 1016 355 bNNl)
1036 298 1262 364 innotuisti
1281 298 1360 355 tato.
1776 294 1829 351 tta

186 442 197 478 ι
212 424 243 502 ιιι
255 419 368 477 nomiae
379 418 470 475 Patris
483 425 511 475 et
525 416 586 473 rata
600 426 627 473 et
641 418 759 485 Spiritus
769 418 867 474 sancti.
878 418 977 474 Amen.
993 423 1017 482 Α
1031 421 1138 482 dantes,
1151 419 1185 475 de
1214 425 1296 472 tantae
1322 414 1477 472 devotimis
1490 413 1593 471 indicio
1616 413 1765 485 gratiarum
1776 415 1827 473 tibi

183 512 254 570 Cum
273 525 386 569 causatu
400 524 460 579 uum
478 508 686 579 strperecclesia
708 507 802 563 Sancti
829 507 934 564 Nicolai
948 509 981 565 dc
1038 510 1186 566 valerianas
1197 508 1330 563 actiones.
1346 506 1460 579 [tignum
1490 506 1584 576 itaque
1610 515 1769 577 reputantes
1794 516 1826 561 ut

183 604 312 677 Neptuno
327 602 400 657 inter
415 594 697 654 ‹lotnimunloanuem
714 599 982 671 ,libanensemepis-
1031 602 1066 658 de
1083 610 1130 657 too
1145 614 1259 655 nrtrnere
1280 606 1328 654 tuo
1350 597 1469 653 satisilat
1499 595 1620 663 allectui,
1650 597 1827 668 praestruam

182 710 283 765 cupam
295 708 330 750 ex
345 706 400 747 una
415 699 494 761 parte
514 698 541 746 ct
565 688 692 745 abbatem
707 692 740 745 tle
756 690 858 763 Crypta
879 691 980 747 serrata
1030 694 1117 765 ipsam
1133 693 1232 749 dilecto
1251 690 1307 747 illio
1319 690 1466 747 benedicto
1493 690 1697 761 consanguineo
1719 696 1824 759 nostro,

183 804 217 843 cx
228 786 329 852 altera,
344 782 502 839 vertebatur
521 782 599 838 nubis
613 780 759 837 Benedicta
785 782 854 838 tituli
873 783 981 839 Sanctae
1030 784 1197 841 adolescenti
1213 783 1349 854 siquidem
1362 782 1441 837 bouae
1453 782 1563 847 indolis,
1579 796 1660 852 qtaem
1690 795 1745 835 nun
1772 780 1825 835 mi·

182 880 319 935 susannae
329 874 492 948 presbytero
509 872 640 929 cardinali
667 874 794 929 dominus
819 888 887 945 papa
904 888 980 929 maa·
1031 878 1171 949 aussigaa
1186 876 1327 941 virtutum,
1344 875 1444 945 quein
1469 882 1564 929 tenera
1591 875 1722 929 ridentur
1744 884 1825 929 aetate

182 966 479 1033 daveritaudiendaut,
496 975 660 1039 procurator
687 968 808 1038 episcopi
838 983 888 1037 pro
903 976 980 1037 parte
1030 966 1193 1039 praelnderc,
1211 982 1292 1039 quam
1305 966 1416 1038 sanguis
1438 973 1486 1020 aut
1510 980 1576 1021 caro
1599 965 1678 1021 nobis
1706 966 1825 1022 reddunt

183 1078 232 1118 sua
258 1068 353 1117 contra
366 1058 497 1115 abbatem
523 1074 616 1115 coram
646 1058 724 1115 nobis
750 1062 891 1131 proposuit
908 1062 979 1131 quoti
1030 1061 1328 1133 acceptum,duaitnus
1349 1057 1564 1125 concedendam,
1587 1069 1731 1128 sperantes
1751 1060 1823 1128 quod

185 1156 273 1212 abbas
295 1162 323 1209 et
346 1153 471 1208 naonuclti
493 1152 526 1207 de
547 1150 648 1224 Crypta
680 1150 782 1207 lerrata
805 1153 980 1224 privaverant
1031 1158 1097 1206 tunc
1121 1152 1241 1207 maxime
1264 1149 1434 1221 praelibatam
1458 1146 1630 1218 praebendam
1667 1148 1822 1203 ordinatam

183 1246 420 1303 administratione
430 1246 618 1316 presbyterato
631 1245 978 1321 ecclesiaaprtcnomiaatae,
1029 1258 1092 1301 esse
1104 1244 1236 1316 gaudebis
1250 1244 1282 1298 ad
1294 1252 1389 1298 votum
1405 1257 1467 1297 aum
1484 1257 1533 1311 per
1547 1240 1634 1311 ipsum
1654 1251 1682 1296 et
1702 1258 1736 1297 ex
1763 1244 1822 1311 ipso

181 1342 309 1412 quemad
324 1340 596 1410 repraesentationem
614 1338 725 1393 abbatis
740 1346 768 1393 et
781 1340 977 1395 tnoaaclrotom
1030 1336 1147 1392 bomine
1172 1335 1342 1391 concedente
1361 1333 1465 1389 ridebis
1487 1333 1536 1389 tibi
1560 1340 1589 1387 ιι
1615 1332 1754 1387 Ecclesiae¹
1770 1342 1824 1387 ture

178 1430 488 1501 jamdictasepiscopus
503 1430 716 1485 investiveratet
741 1430 900 1487 instituerat
929 1446 979 1501 pro
1020 1424 1822 1501 'pratumprovenireptotecmm.Qttocttealratemttatem

180 1536 297 1593 persona
309 1520 601 1591 iniamdictaecclesia
612 1527 640 1575 et
651 1520 721 1575 idem
730 1522 977 1593 presbytereidem,
1030 1531 1104 1578 tuam
1118 1536 1272 1587 monemus,
1296 1534 1346 1589 per
1372 1520 1521 1590 apostolica
1547 1519 1595 1573 tibi
1617 1520 1718 1588 scripta
1745 1533 1823 1573 mao-

183 1626 275 1670 utsuo
289 1614 429 1685 episcopo,
448 1612 587 1667 ildclitatis
603 1626 680 1669 mure
710 1612 793 1669 solito
810 1614 979 1684 praestiterat
1029 1611 1127 1668 dantes
1141 1620 1279 1681 quatenus
1297 1609 1428 1666 dilectum
1455 1608 1540 1663 lilium
1565 1608 1728 1678 nvagistrum
1739 1606 1823 1663 Pero-

175 1706 376 1783 joramentum.
389 1704 467 1761 Unde
481 1718 542 1760 cum
559 1706 690 1776 praedicta
708 1704 827 1761 eeclesia
859 1706 893 1761 de
906 1706 978 1778 Nep.
1030 1703 1138 1775 prinum
1154 1701 1325 1773 capellanum
1340 1710 1464 1756 nostrum
1477 1700 1535 1757 vice
1551 1715 1584 1756 ac
1611 1700 1724 1755 nomiae
1751 1716 1821 1770 prm·

180 1808 248 1855 tuno
260 1796 299 1853 sit
309 1794 422 1865 praelato
443 1794 572 1865 episcopo
586 1792 743 1849 dioecesana
762 1792 822 1864 lege
841 1788 974 1860 ster'ccta,
992 1770 1014 1829 Β
1030 1794 1077 1850 lati
1090 1793 1227 1849 Benedicti
1243 1794 1277 1848 ad
1294 1794 1418 1849 eamdem
1429 1791 1604 1862 prebendam
1630 1792 1715 1861 recipi
1734 1790 1822 1848 laruas

179 1887 295 1961 petebat
310 1884 414 1943 restitui
430 1885 600 1941 sacerdotem
615 1883 648 1939 ad
661 1884 926 1941 administrationem
945 1892 975 1939 et
1028 1884 1055 1939 iu
1073 1886 1237 1940 canomcum
1255 1894 1284 1941 et
1298 1883 1325 1937 in
1337 1880 1461 1945 intrem,
1477 1890 1504 1937 et
1515 1883 1598 1937 stallo
1609 1882 1687 1937 ebori
1712 1897 1746 1937 ac
1760 1882 1821 1937 luco

179 1988 371 2047 personatum,
388 1986 417 2031 ut
428 1984 455 2031 et
470 1976 558 2031 cidem
574 1975 703 2046 episcopo
718 1975 751 2031 de
774 1974 974 2046 spiritualibus,
1029 1975 1142 2046 capitali
1161 1975 1213 2030 sibi
1227 1975 1375 2041 assignato,
1393 1974 1427 2028 dc
1441 1988 1517 2028 neore
1532 1972 1620 2043 ipsum
1635 1973 1661 2027 in
1684 1988 1817 2043 corpora·

178 2056 325 2125 monacbis
335 2081 402 2123 vero
419 2066 453 2122 de
467 2065 663 2137 temporalibus
677 2066 870 2138 responderet.
888 2065 974 2137 picu-
1027 2063 1081 2119 lem
1099 2065 1222 2134 ejusdem
1234 2065 1389 2136 praebenda
1414 2064 1614 2135 possessionem
1641 2063 1768 2130 inducas,
1791 2074 1820 2119 et

177 2157 525 2217 nonusverumouastarii
551 2167 664 2213 econtra
694 2156 875 2229 respondebat
887 2156 975 2213 admi·
1026 2153 1167 2211 inductum
1186 2155 1343 2212 laciaseam
1356 2154 1471 2226 parites
1491 2154 1645 2227 possidere.
1667 2153 1723 2210 llos
1740 2156 1815 2213 enirn

178 2252 372 2310 nistratioaem
389 2260 443 2307 tarn
459 2249 486 2307 in
499 2248 695 2321 temporalibus
707 2264 789 2321 quam
800 2250 826 2305 ia
841 2249 974 2318 spiritua·
1025 2250 1156 2307 eumdem
1177 2250 1355 2308 Benedictum
1377 2265 1411 2307 ac
1429 2250 1532 2321 ipsum,
1551 2250 1754 2321 opportunitate
1776 2266 1820 2307 ve·

176 2342 248 2399 libus
261 2352 290 2399 et
300 2342 445 2399 ecelesiam
458 2357 528 2412 saepe
540 2342 639 2399 dictam
652 2342 686 2398 ad
700 2342 897 2397 monasterium
914 2349 974 2395 tan·
1025 2348 1115 2410 cepta,
1131 2344 1216 2397 dante
1229 2335 1356 2407 buatius,
1372 2341 1603 2397 trattstnittentus.

178 2434 317 2489 commotio
329 2433 477 2503 pertinere,
491 2448 541 2489 nec
565 2432 592 2488 iu
617 2430 709 2504 aliquo
731 2432 860 2503 epitumo
874 2432 971 2497 teneri,
1062 2433 1160 2488 Datum
1175 2430 1315 2503 Laterani,
1328 2432 1422 2491 ldibos
1436 2432 1619 2503 Septembris,
1645 2433 1820 2504 panttteatut

177 2540 241 2580 curn
257 2526 294 2579 sit
305 2524 395 2595 ipsunt
410 2524 606 2581 matrastcriom
619 2522 750 2579 llomanae
770 2522 901 2579 Ecclesia
914 2536 974 2594 spe-
1023 2522 1190 2579 uostrianuo
1203 2523 1285 2579 tertio
1306 2522 1423 2583 decimo.

176 2617 258 2683 ciale,
274 2632 307 2673 ac
320 2626 476 2687 exemptum
494 2626 549 2671 tam
569 2614 596 2671 in
612 2615 703 2687 capite
718 2630 800 2685 qttam
826 2614 853 2670 lu
883 2629 971 2669 mem·
1357 2613 1477 2671 Cileil.

175 2708 247 2765 bris.
268 2708 347 2776 Quod
359 2710 478 2779 probare
492 2721 542 2778 per
557 2720 607 2763 sua
634 2706 775 2779 privilegia
801 2704 969 2773 intendebat,
1128 2720 1709 2765 aautsraoraaacataocavsttanoausano.

175 2814 236 2870 que
249 2808 313 2871 post
329 2798 605 2856 multasinduciaset
636 2798 768 2854 terminos
787 2796 971 2871 peremptorie
1316 2802 1403 2873 snper
1417 2802 1520 2856 eodem.

176 2890 229 2948 sibi
241 2892 322 2947 datos
338 2890 372 2946 ad
385 2890 555 2962 probandam
568 2903 646 2945 suam
670 2888 851 2945 intentionem
876 2902 968 2943 coram
1267 2889 1390 2963 (batum,
1404 2902 1434 2947 ιιι
1447 2893 1476 2947 t'ta
1488 2891 1567 2963 alia.)

178 2983 259 3040 nobis
269 2984 402 3040 evlniberc
416 2982 444 3037 ιιι
459 2980 560 3052 iudicio
578 2997 631 3039 uon
648 2982 765 3037 curtavit.
782 2979 896 3036 Dicebat
910 2989 970 3034 tan·
1060 2981 1102 3037 Ad
1116 2982 1280 3055 signandum
1292 2984 1447 3040 denotionis
1459 2984 1589 3041 allectum
1603 3000 1686 3055 quam
1701 2999 1817 3042 venera-

175 3073 238 3129 dem
270 3080 392 3137 tautum,
418 3072 453 3127 de
476 3071 556 3143 longa
576 3070 773 3127 consuetudine
801 3068 928 3126 abbatem
941 3078 970 3125 ιι
983 3124 1007 3186 c
1022 3070 1105 3128 bilem
1116 3072 1230 3132 fratrem
1241 3082 1367 3131 nmirum
1375 3074 1560 3133 Parisiratsean
1575 3079 1735 3149 episcopam
1749 3094 1815 3151 erpa

176 3165 328 3222 munacbus
340 3164 443 3221 habere
457 3173 621 3236 potestatem
633 3154 800 3221 inscelesiis
811 3163 868 3218 suia
882 3160 971 3218 admi·
1023 3177 1073 3220 nos
1090 3179 1145 3219 nan
1157 3165 1314 3236 ignoramus
1335 3164 1448 3230 babere,
1471 3175 1544 3232 ete,
1567 3167 1596 3220 itt
1615 3170 1737 3222 eamdent
1759 3169 1816 3238 [ers

176 3255 356 3312 nistratorem
369 3254 558 3327 temporalium
574 3254 658 3310 libere
668 3253 806 3310 ordinare.
820 3253 897 3322 Qttod
908 3268 969 3309 eum
1020 3257 1130 3310 tardona
1148 3265 1176 3312 ttt
1188 3257 1217 3310 ιιι
1235 3256 1303 3325 alia,
1317 3272 1401 3330 sapae
1415 3256 1580 3328 proiectum.
1602 3258 1681 3316 bade
1700 3260 1751 3330 ipsi
1766 3276 1818 3331 per

174 3351 296 3416 probare
309 3345 450 3412 noluisset,
467 3344 537 3400 idem
555 3343 711 3400 iconomus
722 3343 970 3414 postmoduntcea·
1020 3347 1123 3420 scripta
1139 3357 1232 3405 nostra
1246 3351 1408 3408 mandamns
1417 3358 1448 3408 m
1460 3362 1489 3407 aa
1499 3351 1559 3408 sice
1573 3367 1607 3408 aa
1617 3353 1728 3408 nomina
1743 3368 1817 3423 pm.

176 3435 272 3494 lessus
292 3437 343 3492 luit
356 3437 381 3493 iu
397 3446 490 3493 nostra
505 3435 650 3507 prasentia
664 3433 888 3506 quudepiscopus
902 3449 970 3504 prae·
1022 3439 1072 3495 lati
1088 3439 1229 3497 Benedicti
1248 3440 1282 3497 ad
1297 3441 1424 3498 eamdem
1436 3443 1611 3513 praebendam
1627 3442 1711 3513 recipi
1730 3441 1815 3500 iaciat

177 3525 267 3582 iatum
284 3527 452 3584 sacerdotem
472 3525 499 3582 ιιι
513 3525 671 3594 supradicta
687 3525 807 3584 ecelesia
819 3524 852 3581 ad
867 3539 970 3596 reprae-
1020 3531 1049 3586 ιιι
1065 3532 1228 3586 canonicum
1242 3543 1271 3587 et
1281 3532 1310 3586 iu
1323 3530 1448 3599 fratrem,
1462 3540 1491 3588 ιι
1502 3531 1584 3589 stallo
1599 3532 1677 3590 ιΙιοιι
1703 3548 1737 3589 ac
1754 3532 1815 3589 locu

177 3619 362 3676 sentationem
390 3619 498 3676 abbatis
525 3629 552 3676 et
583 3620 779 3678 monachorum
802 3616 920 3674 instituit
941 3623 970 3673 ιι
1020 3622 1131 3694 capitali
1162 3622 1200 3678 lbi
1222 3623 1374 3694 assignato,
1398 3624 1528 3680 demere
1547 3624 1616 3681 teia
1640 3623 1813 3694 corporalem

177 3713 360 3769 confirmavit.
374 3709 428 3768 lios
439 3726 505 3768 vero
524 3712 589 3770 visis
602 3721 630 3770 et
642 3713 742 3770 auditis
756 3709 970 3781 allegatioalbus
1019 3711 1142 3782 eiusdem
1155 3713 1309 3784 prebendae
1326 3713 1529 3784 pomessionean
1544 3713 1668 3781 inducat,
1680 3722 1709 3768 et
1718 3713 1814 3770 ittduc·

176 3805 239 3862 biuc
266 3804 331 3861 inde
353 3805 499 3876 propositis
524 3813 553 3860 et
582 3806 799 3862 contessionibus
827 3803 970 3873 utrimque
1021 3811 1080 3860 turn
1101 3802 1186 3858 facim
1206 3804 1321 3875 pacitlce
1339 3805 1491 3875 possidere.
1521 3805 1577 3863 llos
1599 3805 1672 3861 enim
1686 3805 1813 3861 eumdem

175 3901 277 3980 partie,
291 3899 408 3956 dicimus
424 3901 618 3970 presbyterum
637 3898 811 3969 saepedictum
826 3897 971 3953 testttum·
1019 3893 1196 3953 Benedictum
1207 3900 1242 3952 ad
1260 3897 1360 3969 ipsum,
1371 3899 1577 3968 opportunitate
1595 3907 1715 3970 reperta,
1728 3899 1812 3955 dante

175 3997 238 4049 dum
256 3991 292 4047 ad
310 3991 577 4049 administrationem
594 3999 624 4046 et
646 3997 823 4062 personatum
846 3987 970 4045 ecclesia
1020 3988 1145 4053 boniac,
1166 3991 1397 4046 transmittemns.
1424 3989 1559 4056 Quocirca
1584 3990 1743 4045 discretioni
1758 3997 1812 4046 tuac

174 4089 372 4138 memorato.»
399 4081 470 4138 llulli
497 4071 563 4154 erge
594 4081 708 4138 oranino
731 4079 872 4137 bominum
888 4079 970 4136 liceat
1020 4095 1074 4153 per
1087 4081 1239 4149 apostolica
1253 4083 1357 4152 scripta
1389 4083 1553 4138 mandamus
1578 4091 1713 4153 quatenus
1730 4096 1813 4154 super

175 4173 246 4230 banc
262 4173 392 4246 paginam
430 4181 532 4230 nostrae
560 4173 780 4230 continuationis
808 4172 968 4244 intringere,
1019 4175 1073 4231 laoc
1084 4175 1157 4246 quod
1170 4179 1205 4232 ad
1217 4186 1243 4231 te
1257 4177 1377 4247 pertinet
1389 4179 1561 4249 exsequaris.

173 4264 215 4322 rel
234 4265 273 4332 ci,
284 4273 351 4332 etc,
361 4281 444 4338 atque
454 4267 638 4323 incursurum.
1056 4270 1165 4336 batum,
1175 4279 1241 4338 etc,
1253 4279 1281 4326 ιιι
1294 4272 1324 4327 in
1336 4272 1392 4327 olio
1405 4289 1452 4340 per
1462 4281 1557 4328 totam.

208 4356 308 4414 [tatum
321 4357 460 4427 Laterani,
485 4374 505 4414 ιι
521 4357 581 4414 ital.
594 4357 776 4429 Septembris,
795 4371 867 4414 annu
887 4357 969 4414 tertio
1346 4361 1477 4420 omli.

175 4446 294 4505 decim·
982 4459 1007 4516 1)
1022 4468 1171 4513 rotonensi
1185 4467 1453 4518 lacuturnenses
1468 4467 1594 4512 mascaro
1616 4473 1807 4518 ancuttsaartsr

522 4561 631 4620 Gffl,
1074 4561 1110 4601 aa
1125 4561 1223 4603 assant
1239 4559 1347 4601 carras
1367 4559 1412 4599 aar
1430 4560 1630 4604 ctsreacvsnsts
1640 4565 1756 4608 cantans.

421 4669 547 4711 „mmm
559 4670 716 4712 mmm
1126 4637 1263 4696 scribitur
1275 4639 1402 4693 adsertam
1416 4639 1556 4695 canonicos
1570 4639 1711 4698 Cellentea.

192 4743 227 4800 tn
250 4745 396 4817 prtclenda
414 4755 545 4802 reserante
559 4747 712 4816 conseretur
746 4749 940 4820 cararunpat'nec
1197 4727 1348 4799 (Limia
1362 4743 1393 4783 ¹¹¹
1406 4726 1468 4784 ¹¹³¹·
1483 4729 1631 4802 ⁰⁰¹⁰b¹¹¹d

526 4831 612 4886 pape.
1054 4819 1221 4877 Detestabile
1237 4819 1343 4874 lacinus
1353 4828 1383 4875 et
1396 4819 1537 4891 piaculare
1551 4820 1685 4893 flagitium
1705 4829 1779 4894 orrod
1792 4843 1808 4884 a

346 4905 497 4977 (Laterani,
513 4905 603 4962 idibus
614 4905 807 4980 Septembris.)
1018 4911 1183 4982 quibusdam
1198 4909 1262 4966 liliis
1274 4909 1371 4977 belial,
1383 4912 1521 4968 nonnullis
1539 4914 1680 4972 canonicis
1701 4917 1809 4975 Cellen-

206 4998 247 5055 td
272 4999 437 5070 sigtrandnm
460 4997 613 5054 devotionis
639 4997 766 5054 allectum
781 5015 864 5072 quant
902 5014 965 5071 erga
1019 5003 1060 5059 sis
1077 4999 1206 5058 metasse
1221 5001 1426 5074 instigantibus,
1453 5004 1524 5060 sicut
1545 5005 1624 5061 aubis
1645 5009 1810 5067 venerabilis

173 5106 223 5147 nos
232 5099 260 5148 te
275 5105 330 5146 non
343 5091 502 5186 ignoramus
516 5090 628 5159 habere,
642 5090 815 5160 praebendam
832 5092 859 5147 iu
869 5091 967 5149 licelc·
1018 5096 1105 5152 irater
1115 5106 1208 5151 noster
1216 5094 1400 5152 Poctanensis
1408 5095 1554 5167 episcopus
1564 5097 1711 5166 intimavit,
1722 5115 1810 5171 nuper

173 5183 211 5236 sia
226 5182 351 5238 bariensi
367 5189 524 5248 vacuantem,
538 5181 565 5236 in
581 5197 661 5238 mauu
676 5184 787 5254 propria
803 5186 966 5253 reservasti,
1019 5185 1124 5242 exstitit
1142 5184 1170 5240 in
1185 5184 1303 5242 cellensi
1318 5185 1439 5242 Ecclesia
1450 5195 1650 5257 perpetratum,
1660 5190 1809 5247 matittaam

173 5275 328 5344 cuicunque
341 5272 484 5340 vellemus,
499 5275 572 5330 sicut
584 5291 634 5346 per
646 5283 708 5332 tuas
722 5277 799 5334 nobis
829 5276 965 5335 intimasti
1018 5277 1226 5334 necimmerito
1251 5278 1338 5334 menti
1360 5287 1463 5333 nttsttae
1484 5279 1676 5338 amaritudinis
1696 5297 1807 5338 causatu

175 5362 291 5430 litteras,
323 5363 529 5432 conterendam,
557 5365 702 5422 habiturus
729 5365 916 5436 gratissimum
942 5367 965 5425 si
1018 5368 1143 5440 ingessit,
1167 5369 1231 5425 dnm
1256 5370 1365 5438 viperea
1384 5369 1492 5426 suboles
1515 5371 1660 5442 inproprii
1686 5374 1808 5446 parentis

174 5453 255 5510 alicui
275 5455 967 5530 desauguinenostroconlerrediguaremuream·
1019 5475 1115 5517 necem
1146 5460 1262 5527 exarsit,
1298 5470 1328 5517 ct
1368 5459 1529 5532 perditionis
1564 5461 1611 5516 ltlii
1648 5465 1690 5519 sui
1720 5465 1818 5535 patris.

174 5544 247 5612 dem,
260 5560 342 5616 qtrem
355 5547 391 5603 eb
406 5555 529 5604 nostram
542 5549 722 5606 reverentiam
740 5558 768 5607 et
783 5565 904 5612 amorem
917 5551 968 5608 lau·
1018 5552 1159 5608 interitum
1190 5551 1340 5608 inodicioso
1370 5567 1423 5609 noo
1452 5563 1517 5610 sunt
1545 5553 1625 5609 veriti
1655 5555 1808 5627 malignita-

175 5645 337 5704 auratarum
360 5649 385 5694 te
404 5642 510 5697 asseris
520 5651 548 5695 et
583 5640 770 5699 sincerissime
789 5643 963 5700 dilecturum.
1019 5643 1055 5699 tis
1083 5643 1172 5697 studio
1200 5643 1362 5698 uracbiuan.
1390 5642 1476 5709 Quem
1507 5643 1642 5714 siquidem
1666 5653 1721 5700 tana
1743 5657 1808 5701 crn-

175 5729 263 5823 31113οι
276 5745 332 5821 quo
345 5731 534 5792 liberalitatem
552 5743 625 5792 tuam
641 5736 667 5793 in
686 5735 802 5794 bomine
825 5753 965 5796 commea·
1018 5735 1087 5794 dclis
1114 5737 1213 5794 borror
1240 5745 1267 5794 et
1293 5736 1432 5794 ltorribilis
1455 5737 1605 5796 crudelitas
1628 5738 1721 5796 audita
1753 5749 1808 5790 nott
