4109 6325
248 378 330 446 tat·
428 326 430 333 '

252 598 292 653 sic
303 595 426 652 eeclesiis
441 593 578 663 praecidatis
593 593 690 647 adesse
704 597 776 665 qttod
787 597 813 650 in
831 610 882 651 ano
908 594 969 665 inre
993 594 1039 651 atti

252 686 347 741 deesse
365 684 477 739 minime
488 683 638 753 rideantur,
656 685 821 742 fraternitati
834 696 886 743 truta
899 702 949 758 per
975 702 1042 758 apo·

252 776 346 833 stolica
356 775 455 845 scripta
470 774 901 845 matularnusguatennseumdem
914 778 1039 841 militem,

256 878 285 924 ιιι
301 865 338 921 illi
352 865 479 921 Ecclesia
497 867 590 922 reddat
606 868 727 923 decimas
741 870 783 923 oui
809 868 952 931 debentur,
979 866 1041 922 dili-

255 966 355 1031 genter
375 956 499 1012 irnlrteas.
515 957 629 1025 Quodsi
647 960 679 1013 ad
691 952 844 1015 boc'tuduci
862 975 914 1015 non
927 960 1040 1031 poterit,

252 1058 280 1104 et
294 1044 362 1104 talea
376 1047 489 1105 decima·
501 1058 563 1104 suun
578 1064 639 1120 qnae
647 1050 726 1120 justa
737 1050 963 1107 consuetudinem
994 1060 1052 1117 res

253 1140 381 1211 ginnisin
420 1138 528 1195 lcttdnru
552 1150 711 1211 pcrpctnunr
736 1158 751 1199 a
777 1144 853 1199 laicis
876 1144 1042 1212 detinentur,

256 1230 412 1289 certiorendi
428 1247 475 1287 eas
490 1231 557 1300 ipsis
570 1232 730 1302 capellaniis
743 1236 848 1289 trituras
872 1235 1042 1291 tactrltatom.

289 1320 385 1375 batum
397 1320 508 1391 Signiae,
525 1336 571 1375 ιιι
585 1320 698 1378 llalcnd.
712 1322 889 1397 Septembris,
904 1324 1045 1395 pontillea·

255 1422 299 1469 tua
310 1414 394 1469 nostri
407 1429 477 1467 atrtrto
492 1408 711 1484 decimoquinto.

623 1549 676 1605 ct.

278 1653 402 1695 sermono
414 1652 449 1694 ιτ
465 1652 568 1705 osenna
582 1655 617 1697 sr
631 1654 747 1695 starent
763 1646 1013 1701 arssitrsnnnus.

387 1750 483 1807 Canae
505 1752 678 1822 cognitionem
690 1753 725 1807 ud
736 1769 778 1809 eoa
794 1756 911 1811 remittit.

420 1840 543 1915 (Signia,
560 1857 615 1897 srn
630 1842 690 1899 Kal.
703 1842 893 1916 Septeutbris.)

702 386 898 447 tnn'ocsrtttt
916 388 950 446 lll
966 388 1018 445 Pl‘.
1040 380 1275 446 nedssstotttttt
1294 387 1359 444 tttt.
1379 388 1437 444 xi.

251 504 405 575 mustoline
431 500 608 569 beraigultatis
632 502 756 557 accedat.
789 500 918 559 volentos
944 503 1038 575 ltaque
1052 506 1076 564 Α
1258 464 1272 487 ⁸

1832 395 1884 452 nir
1906 478 1911 487 .

1442 497 1506 555 (lbi.

1092 608 1244 649 Nimim
1255 606 1351 649 Sblicl'i
1372 604 1518 647 ῑΔῦΙΙΜΙΙ
1535 606 1683 649 taunsnsts
1696 608 1732 651 ΕΤ
1744 611 1768 651 Ι.
1796 613 1832 653 Π
1857 616 1885 656 Δ.

1156 699 1292 741 canotttcts
1302 698 1336 737 ll!
1346 696 1517 739 CURNMCEO
1527 697 1660 741 btoeceats
1673 700 1829 743 suntme.

1165 774 1197 829 itt
1207 774 1487 831 excommunicationis
1499 776 1634 859 sententie
1655 780 1816 835 mundemur

1392 854 1561 901 smannens.

1236 936 1359 1009 (Signiae,
1380 951 1417 991 ιιι
1432 933 1494 991 ttat.
1510 934 1704 1011 Septembris.)

1129 1046 1249 1103 Dilectus
1270 1046 1343 1103 itlius
1366 1047 1496 1118 magister
1516 1049 1678 1107 Ambrosius
1701 1051 1735 1107 de
1754 1051 1888 1109 Catnturio

1093 1139 1225 1195 diaconos
1251 1135 1339 1206 plebis
1363 1138 1396 1193 de
1423 1136 1543 1194 Gallina.
1575 1140 1739 1196 constitutus
1770 1143 1798 1196 1ιι
1817 1156 1888 1211 prae·

1094 1234 1182 1289 sentia
1210 1231 1302 1287 dilecti
1326 1230 1373 1285 nttt
1406 1233 1494 1290 nostri
1522 1234 1619 1304 Angeli
1646 1234 1742 1290 Sancti
1775 1236 1887 1292 ddri'ani

1095 1323 1201 1381 diaconi
1228 1320 1384 1386 cardinalis,
1421 1336 1502 1391 gneus
1543 1323 1596 1379 sibl
1642 1324 1771 1381 dedimus
1809 1328 1888 1383 antdi-

1096 1425 1193 1482 torem,
1222 1413 1362 1485 proposuit
1384 1426 1477 1469 coram
1505 1413 1564 1485 ipso
1588 1416 1661 1487 guod
1678 1432 1740 1473 cunr
1757 1419 1791 1474 ad
1806 1433 1887 1475 man-

1096 1509 1190 1564 datum
1205 1509 1280 1563 sedis
1302 1506 1461 1577 apostoliae
1485 1521 1537 1579 per
1562 1509 1749 1565 uenerabilem
1772 1511 1886 1567 fratrent

1095 1609 1219 1657 nostrum
1233 1597 1511 1668 llieronolyutitannm
1532 1599 1725 1668 patriarcbarn,
1740 1614 1806 1658 tnnc
1826 1606 1887 1675 cpi·

1096 1706 1207 1761 scopum
1224 1690 1433 1756 vercellensem,
1448 1692 1483 1746 de
1496 1691 1659 1747 canonicatu
1679 1694 1802 1751 ecutcsia
1816 1694 1888 1750 sata·

1097 1786 1134 1842 eti
1149 1784 1282 1839 vincentii
1296 1785 1331 1838 de
1343 1783 1460 1840 Gallina.
1473 1782 1681 1861 liettiolnnensis¹
1693 1786 1818 1842 dimersis
1830 1786 1889 1842 ine·

1099 1876 1135 1931 rit
1155 1873 1310 1935 investitus,
1323 1881 1353 1929 et
1371 1873 1441 1928 idern
1461 1874 1616 1943 patriarcba
1636 1876 1780 1945 praeposito
1793 1884 1821 1931 et
1835 1873 1889 1932 lra-

292 1958 358 2015 cau
373 1970 484 2012 cattam
500 1971 561 2028 gnae
576 1956 647 2011 iuter
662 1957 692 2012 ll.
708 1958 815 2013 uiduam
830 1968 857 2013 et
871 1956 1047 2014 barrabanum
1099 1966 1186 2022 tribus
1209 1965 1331 2037 ciusdem
1358 1964 1481 2019 ecciesiae
1505 1965 1676 2020 sitandan-ecit
1702 1974 1733 2021 ιιι
1757 1966 1831 2022 dicto
1855 1970 1887 2023 tt.

255 2048 356 2104 lalcurn
368 2046 531 2103 blorinensis
546 2047 673 2103 diaecesis
699 2062 781 2119 super
816 2049 939 2106 dotalitio
963 2051 1049 2121 ipsius
1098 2065 1230 2127 nnatrtutn
1250 2056 1297 2110 arni
1309 2053 1344 2110 de
1363 2054 1547 2111 residentibus
1571 2056 1673 2111 ibidem
1688 2058 1723 2113 de
1740 2060 1889 2115 communi·

258 2141 348 2197 ridttaa
362 2139 479 2197 vortitur
502 2138 608 2195 dilectis
618 2140 682 2195 nttts
692 2140 740 2195 Pb.
757 2142 790 2199 G.
804 2151 829 2197 et
842 2142 875 2199 G.
902 2142 1046 2205 sanatricis
1098 2148 1151 2204 bus
1168 2146 1345 2219 proventibus
1368 2146 1554 2218 assignarent,
1569 2161 1601 2201 ac
1619 2147 1670 2216 ipsi
1686 2163 1735 2218 per
1751 2152 1889 2218 anaidem,

258 2232 459 2291 llorineasibus
488 2231 553 2288 olim
578 2232 737 2288 duxerimus
760 2234 995 2296 contranittcndaru,
1016 2248 1049 2288 ae
1085 2256 1148 2311 ⁴pra
1165 2255 1199 2295 eo
1212 2241 1284 2312 qttod
1301 2240 1359 2309 eius
1373 2253 1470 2309 parere
1489 2240 1618 2294 mandato
1636 2242 1833 2298 cernuntaciter
1848 2258 1890 2299 te-

258 2322 311 2403 ipsi
328 2323 447 2392 receptis
459 2322 575 2378 testibus
586 2334 615 2376 et
641 2326 865 2379 attestationibus
889 2323 1047 2393 pumicatis,
1098 2334 1241 2400 comitant,
1256 2331 1368 2387 inissent
1388 2330 1423 2384 ab
1436 2329 1526 2385 allucio
1540 2321 1728 2401 benedeioque
1751 2336 1889 2403 suspensi,

256 2417 453 2486 ‹liipulttlittttess
493 2416 644 2471 hincinde
675 2416 828 2487 propositas
868 2416 1047 2481 audivissem·
1099 2420 1890 2486 etexeonrmunicationisdentumviuculoinnodati,licet

177 2537 181 2543 ·
257 2508 381 2572 taudem,
404 2508 476 2563 sicut
506 2525 538 2564 ert
562 2507 694 2561 relatione
720 2508 902 2576 corruperinuts
924 2506 1046 2576 judicum
1099 2514 1270 2585 posnaniam
1284 2511 1473 2567 iruuestitnram
1484 2510 1607 2581 eiusdem
1623 2521 1712 2567 ratam
1724 2515 1890 2570 asseruerint

257 2599 427 2665 rorrrrndem,
440 2610 493 2653 taur
505 2599 539 2653 ab
552 2599 680 2670 episcopo
692 2597 839 2651 llorincusi
855 2612 936 2667 spatam
950 2614 964 2651 a
978 2612 1049 2667 prae-
1099 2619 1129 2660 se
1141 2604 1253 2668 babere,
1266 2612 1371 2673 partera
1392 2612 1483 2657 tannen
1498 2600 1524 2655 ei
1539 2600 1659 2657 debitam
1680 2604 1888 2659 subtraxerunt

259 2686 584 2757 intoLarnbertoueipsi
614 2688 647 2741 ad
674 2688 843 2743 sentiendum
869 2690 1050 2759 procederent
1099 2696 1197 2767 quibam
1219 2712 1280 2752 cura
1303 2696 1474 2767 poscunodnm
1500 2711 1549 2766 pec
1571 2694 1753 2750 venerabilem
1778 2692 1890 2751 iratrcan

258 2779 362 2833 exstitit
375 2778 549 2847 appellatum,
559 2794 591 2833 en
602 2776 674 2847 qttotl
689 2792 749 2832 euru
763 2794 805 2833 res
823 2796 882 2849 num
898 2781 1050 2836 ducebatur
1100 2796 1223 2845 nastasia
1236 2786 1404 2842 Lnndeusern
1429 2788 1588 2859 episcopani
1609 2796 1637 2842 et
1652 2788 1807 2860 coatjudices
1826 2801 1891 2843 snos

260 2871 287 2925 lu
316 2871 448 2939 judiciuin
471 2882 544 2927 csset
567 2868 694 2936 lcttdalis,
720 2879 748 2927 at
772 2872 805 2924 nd
829 2872 1048 2943 jurisdictionem
1071 2914 1076 2928 .
1100 2877 1238 2948 delegatos
1258 2891 1273 2930 a
1290 2877 1370 2932 notris
1392 2876 1596 2932 sententialiter
1617 2877 1710 2932 luisset
1735 2874 1891 2945 iniunctum

262 2971 402 3032 spcctaret
413 2962 545 3034 episcopi,
563 2978 615 3018 uon
629 2962 816 3019 ecclesiastico
832 2966 906 3033 juro,
936 2969 983 3021 sod
998 2982 1047 3039 po·
1100 2978 1130 3025 ιιι
1143 2969 1232 3025 eident
1255 2977 1360 3024 tautnm
1378 2969 1414 3024 de
1435 2969 1610 3039 proventibus
1627 2968 1749 3024 ecclesia
1769 2968 1893 3039 praelatae

178 3098 184 3110 ,
262 3055 641 3125 tiussacculari,ejuslorum
664 3055 792 3123 praculictn
813 3058 891 3111 uidua
911 3056 1050 3113 declinare
1100 3061 1255 3117 conterrent
1274 3070 1406 3131 quantum
1425 3061 1580 3130 perciperet
1592 3074 1663 3114 uatus
1676 3074 1710 3115 es
1726 3060 1788 3114 aliis
1803 3060 1831 3113 in
1846 3075 1893 3114 ea-

261 3158 314 3200 non
323 3153 440 3217 poterat,
451 3160 513 3201 cunr
526 3152 599 3202 esset
613 3156 725 3222 paratus
738 3147 824 3202 eidem
834 3146 944 3218 institiae
959 3148 1048 3218 pleni·
1063 3178 1084 3236 ο
1100 3149 1175 3216 dent,
1191 3149 1253 3220 ipsi,
1267 3158 1297 3205 ιιι
1308 3164 1371 3205 eunt
1385 3146 1535 3220 fatigarent
1558 3148 1699 3204 laboribus
1713 3157 1742 3206 ct
1754 3149 1891 3221 supernis,

261 3237 382 3292 tudinem
396 3239 535 3293 satutare.
554 3236 623 3293 bicti
638 3231 863 3308 nrtoqrtejud'icos
890 3239 1051 3309 appellatio-
1101 3239 1135 3296 ad
1150 3242 1243 3297 sedent
1257 3242 1431 3308 apostolicam
1447 3240 1631 3311 appellarunt,
1644 3241 1767 3295 dicentes
1783 3255 1813 3294 se
1825 3239 1892 3294 niltil

260 3328 341 3382 uilius
354 3329 515 3393 deserentes,
528 3342 638 3382 cattsanr
654 3343 714 3384 curu
732 3329 872 3398 natasque
883 3332 969 3398 partis
980 3339 1050 3388 atte·
1100 3329 1213 3386 daturos
1231 3329 1319 3386 eidetn
1341 3330 1394 3386 nisi
1416 3331 1547 3387 eorttinue
1568 3331 1595 3387 in
1611 3331 1733 3386 Ecclesia
1751 3329 1892 3392 resideret,

260 3421 423 3476 stationibus
438 3433 466 3476 et
478 3421 689 3492 allegationibus
711 3422 770 3475 suls
783 3421 878 3492 sigillis
893 3421 1004 3478 inclusis
1015 3423 1050 3478 ad
1100 3435 1135 3476 ea
1149 3437 1182 3476 eo
1196 3422 1247 3478 sub
1262 3422 1355 3492 speeie
1370 3422 1452 3491 justae
1468 3437 1559 3478 cause
1569 3423 1713 3478 materiam
1730 3421 1893 3492 ratslignandi

261 3522 381 3567 nostraru
402 3515 577 3582 praesentiam
596 3515 770 3574 retnisernnt,
794 3513 893 3570 ilerum
915 3514 979 3583 grtia
1001 3529 1051 3585 per
1101 3524 1242 3571 sortientes
1265 3515 1337 3584 qnod
1362 3515 1462 3570 lltideut
1485 3514 1511 3569 ei
1534 3529 1613 3570 mora
1637 3514 1787 3584 ptericrtlosa
1812 3513 1893 3568 ninus

260 3604 409 3662 relationes
436 3606 570 3673 iudicum,
595 3607 786 3661 attestationes
820 3617 848 3662 et
873 3604 1051 3676 allegationes
1100 3607 1195 3666 existit
1208 3609 1356 3663 occasione
1367 3608 1448 3662 banni
1462 3607 1617 3676 cnittsdarn,
1630 3609 1674 3664 cui
1692 3625 1753 3664 enan
1766 3606 1894 3662 llediola-

260 3694 391 3764 partiunt,
403 3703 431 3752 et
445 3696 497 3750 alia
513 3697 694 3767 pernuntium
708 3698 796 3752 ridtnu
825 3708 982 3753 ttrctnoratae
1005 3713 1051 3753 co·
1101 3713 1199 3756 nenses
1222 3698 1349 3754 consules
1371 3698 1557 3767 sulajccernnt.
1586 3700 1702 3768 Propter
1725 3699 1797 3768 qtrod
1823 3699 1893 3752 idem

267 3803 325 3844 rant
342 3789 442 3845 dilecto
457 3790 513 3845 lllio
534 3791 736 3863 nostrotlngelu
750 3789 844 3846 Sancti
858 3790 970 3845 Adriani
991 3791 1051 3846 dia·
1090 3790 1134 3868 ‘ad
1151 3789 1243 3845 sedern
1261 3789 1437 3856 apostolicam
1458 3790 1556 3844 iterate
1578 3789 1721 3853 laborans,
1734 3791 1768 3842 ad
1783 3787 1894 3843 dilectos

258 3892 328 3935 cotto
340 3879 477 3934 cardinato
489 3879 540 3934 sibi
558 3895 574 3934 a
593 3880 671 3936 nobis
687 3881 816 3934 atrtditoro
831 3893 966 3934 coracesso
986 3894 1050 3949 pro·
1101 3883 1172 3939 lilios
1192 3882 1319 3938 abbatem
1344 3884 1378 3938 de
1395 3883 1575 3954 Capitelacus
1601 3891 1629 3938 et
1655 3883 1787 3946 collocant
1814 3897 1893 3936 suurn

260 3969 363 4039 posita,
379 3985 440 4040 qrrar
465 3970 536 4025 idem
552 3972 702 4027 cardinalis
726 3972 752 4028 iu
785 3975 930 4043 praeseutia
956 3985 1049 4031 nostra
1101 3985 1209 4030 nostras
1228 3974 1334 4030 litteras
1354 3977 1512 4046 reportarit.
1540 3975 1757 4044 Qrtisceundntu
1773 3983 1895 4028 tenorent

261 4058 381 4115 ildcliter
392 4060 496 4127 retulit,
519 4062 694 4132 nequivimus
708 4065 789 4134 plene
802 4067 836 4120 de
855 4081 944 4122 cantasse
967 4068 1052 4123 nteri—
1101 4066 1252 4121 litterarum
1267 4065 1387 4134 ipsarum
1404 4067 1547 4137 preposito
1561 4074 1590 4120 et
1604 4064 1722 4134 captitula
1736 4063 1895 4134 prantensis

261 4153 659 4218 tisiustrni,cuntcausarum
688 4159 785 4212 rneritn
812 4159 928 4229 partiunt
958 4174 1050 4215 assor·
1101 4156 1300 4214 setttetttialiter
1322 4154 1502 4225 itrjunsernut
1523 4165 1553 4211 ut
1576 4150 1626 4226 ipsi
1642 4156 1787 4210 natrbrosio
1806 4168 1896 4223 quan·

261 4246 335 4301 tione
350 4250 514 4318 pandantur,
528 4261 557 4305 et
570 4266 619 4320 pro
637 4261 733 4308 neutra
758 4264 837 4323 parte
867 4254 1051 4325 comparuerit
1102 4258 1159 4304 tunt
1178 4248 1224 4303 uni
1245 4264 1278 4303 ex
1298 4249 1479 4304 residentibus
1504 4249 1676 4317 assignarent
1694 4247 1728 4301 de
1741 4243 1895 4301 coratutani·

260 4340 360 4410 aliquis
372 4351 537 4409 procurator
551 4343 690 4413 multaque
720 4344 845 4400 bartassis
871 4347 898 4400 iu
926 4348 1051 4416 partibus
1100 4340 1482 4410 ntspraueatibusecctesia
1501 4339 1648 4410 saepefatae,
1665 4343 1894 4408 ubieunquenta-

261 4428 328 4500 ipsis
342 4441 404 4486 sunt
418 4440 480 4486 truta
494 4447 555 4502 quas
567 4434 646 4488 nobis
660 4441 726 4490 strat
759 4449 873 4505 prorsus
896 4436 1048 4507 incognita,
1102 4441 1189 4496 neret,
1203 4434 1289 4488 donec
1304 4433 1433 4502 praedicta
1453 4435 1616 4488 necessitate
1631 4439 1757 4488 cessante
1779 4440 1837 4486 tute
1852 4443 1894 4484 re·

259 4524 417 4580 discretioni
433 4535 531 4580 restrae
548 4539 595 4595 per
616 4526 765 4597 apostolica
776 4531 877 4598 scripta
890 4528 1050 4584 mandamus
1066 4516 1193 4578 llsidere
1212 4523 1317 4578 ualeret
1343 4523 1455 4590 ibident,
1468 4535 1495 4579 et
1509 4524 1684 4580 nibilominus
1695 4525 1728 4577 de
1747 4523 1894 4578 subtractis

258 4627 394 4686 quantenus
409 4619 530 4686 partibus
547 4621 713 4688 cortrtteutis,
732 4620 971 4676 nonobstantibus
1001 4637 1050 4693 ap-
1101 4614 1509 4684 satisfacerenteotrtpteteuter:
1526 4617 1552 4671 ln
1565 4618 1720 4685 arrosqnia
1737 4615 1894 4669 arrandatunt

258 4709 448 4778 pellatluuibus
461 4711 630 4781 praenotatis,
642 4713 705 4779 quia
719 4710 771 4765 etsi
791 4725 835 4766 res
848 4711 881 4766 de
895 4726 948 4782 qua
962 4712 1051 4779 agitur
1100 4721 1195 4760 (10111111
1208 4707 1300 4761 surdis
1313 4706 1425 4760 tutibus
1439 4708 1652 4775 letlt'fflssibd'tl»
1662 4706 1769 4774 1111111·θὸ
1783 4720 1895 4759 emm·

258 4799 435 4856 dicaturesse
463 4803 587 4867 l'rtnlalis,
611 4805 643 4858 de
656 4805 817 4872 ipsatarneu
841 4819 894 4860 uon
922 4813 1049 4875 tartunam

259 4890 369 4958 ietrtlaii,
385 4895 431 4948 sed
446 4895 544 4958 dotali,
563 4903 697 4950 tractatur
712 4897 932 4952 attestationibus
945 4904 971 4952 et
984 4896 1050 4952 alle-

258 4986 412 5055 gationibus
426 5003 494 5056 quas
505 4989 555 5042 sub
569 4989 638 5042 inulla
650 4999 741 5044 nostra
755 4979 963 5062 transmittimus
976 4987 1050 5046 robis

259 5079 377 5135 inclusas
389 5091 416 5134 et
427 5082 488 5136 aliis
502 5081 652 5137 rationibus
666 5082 806 5154 utriusque
827 5083 911 5154 partis
922 5081 1050 5151 inspectis

258 5187 369 5230 aansmn
386 5175 472 5245 ipsura
485 5176 664 5246 appellatione
680 5187 783 5230 remota
811 5175 865 5230 llne
881 5175 970 5230 debito
995 5181 1050 5229 ter·

258 5268 378 5334 minatis,
394 5269 524 5324 incientes
536 5268 609 5340 qrtod
633 5269 810 5325 decreveritis
830 5263 1049 5339 percensuram

257 5359 470 5415 ecclesiasticam
487 5359 599 5414 ilnutiter
613 5361 764 5416 obsecrari.
774 5360 868 5416 Testes
883 5366 1047 5422 automata.

258 5450 454 5517 strbtrarerint,
468 5467 670 5522 percensuram
684 5453 807 5514 oartadem
822 5459 946 5509 cessante
957 5449 1050 5519 appel·

258 5535 371 5608 tantiae,
397 5553 461 5610 etc„
479 5543 727 5614 nspaeperbiberc,
744 5541 848 5612 quodsi
872 5555 924 5596 nou
942 5554 1049 5606 ornnes,

258 5639 326 5699 eta,
345 5643 372 5688 tn
385 5648 416 5688 ea
429 5635 516 5689 trater
530 5635 666 5704 episcopo,
682 5648 744 5688 cum
760 5647 854 5689 eornm
876 5629 973 5696 altero,
989 5639 1047 5685 ete.

285 5723 391 5779 batoni
407 5723 520 5795 Signiae,
536 5741 591 5779 srn
603 5725 662 5780 ttat.
676 5724 856 5798 Septembris,
870 5723 1046 5794 potniilcatua

256 5813 345 5873 nostri
362 5829 434 5872 anuto
450 5815 555 5872 docituo
565 5817 669 5886 auimo.
917 5827 920 5836 '

1101 4797 1295 4853 mttnieationis
1315 4798 1478 4852 senitentiam
1502 4798 1724 4866 promulgarunt,
1749 4796 1823 4849 sicut
1845 4808 1894 4864 pat·

1101 4891 1282 4946 instrumenta
1301 4905 1394 4945 eoram
1409 4889 1534 4945 auditore
1552 4900 1706 4944 ntetuorato
1722 4889 1845 4943 exltibitu
1860 4886 1894 4940 ti-

1100 4984 1184 5054 gnido
1205 4983 1346 5038 edocebat.
1377 4980 1455 5038 Unde
1476 4982 1547 5037 idern
1563 4981 1724 5036 nrttbrosius
1740 4980 1819 5036 nobis
1844 4982 1894 5034 ltu·

1100 5078 1201 5132 militer
1213 5075 1377 5146 supplicarit
1390 5084 1420 5128 ut
1435 5075 1515 5129 liutem
1529 5075 1588 5130 auis
1601 5073 1741 5128 laboribus
1756 5074 1894 5140 imponen-

1101 5179 1158 5235 tes,
1178 5169 1250 5238 ipsas
1271 5166 1420 5223 serrtoutias
1440 5166 1616 5237 digtnrremur
1634 5164 1784 5233 apostolico
1805 5161 1894 5216 ratuni-

1099 5262 1173 5318 tnine
1189 5263 1325 5317 roborare.
1351 5257 1406 5315 ttos
1424 5271 1514 5315 auteur
1536 5258 1638 5312 auditis
1657 5257 1691 5312 iis
1711 5265 1737 5309 et
1758 5256 1819 5310 aliis
1832 5271 1899 5324 aare·

1100 5353 1172 5408 idern
1186 5353 1335 5408 cardinalis
1354 5351 1470 5408 lldeliter
1488 5351 1581 5406 retulit
1598 5365 1690 5405 corant
1711 5349 1800 5412 nobis,
1819 5363 1894 5404 eutra-

1100 5446 1239 5501 ntnnieato
1260 5444 1376 5502 fratrum
1402 5453 1556 5500 nostrorum
1582 5441 1721 5504 conscilio,
1748 5441 1894 5510 praedictas

1099 5539 1247 5594 ιιιιιιιιιιίιιι
1260 5538 1467 5601 cottilrrnantes,
1483 5535 1640 5592 discretioni
1654 5544 1753 5592 restrae
1766 5547 1817 5601 per
1829 5545 1894 5601 apo·

1100 5630 1196 5687 stolioa
1230 5629 1333 5697 scripta
1358 5626 1541 5697 precipiendo
1568 5625 1729 5679 ntandatntts
1759 5630 1895 5692 quanam

1100 5722 1173 5792 ipsas
1182 5719 1286 5776 faciatis
1299 5717 1408 5773 sublato
1421 5713 1609 5786 appellationis
1622 5711 1766 5768 obstaculo
1779 5710 1893 5763 tinnitor

1099 5813 1251 5872 obseruari.
1268 5811 1345 5878 Quod
1366 5811 1389 5868 si
1404 5808 1567 5881 prepositos
1581 5815 1609 5864 et
1630 5803 1724 5862 clerici
1742 5798 1893 5873 supradicti
