4109 6325
83 394 88 402 .
161 344 209 421 gp
379 338 381 345 '
641 340 999 417 rourrrtcurust'uuo
1016 353 1235 424 uuuarrmsu
1253 360 1332 417 lars.
1730 360 1782 425 sta

162 488 243 533 eausa
256 470 364 531 comitis
375 469 454 539 quarn
470 485 550 529 causa
567 469 624 533 ulti.
636 487 697 542 que
710 473 810 545 pendet
820 480 860 531 'ex
875 475 946 531 lacto
961 478 985 539 Α
998 474 1221 545 compositionem
1232 474 1337 540 legatus
1358 472 1488 541 iaciebat;
1505 474 1553 531 sed
1570 476 1643 547 quod
1667 491 1719 534 nou
1731 480 1784 537 tult

162 544 262 611 Patris,
278 546 440 600 auctoritate
452 543 599 611 superioris
609 553 697 598 exstat
709 545 787 625 nobis
797 557 945 617 exempta;
999 544 1070 599 lacta
1095 545 1140 600 illa
1169 545 1341 627 corapositio,
1363 560 1410 615 per
1433 547 1560 602 comitem
1585 549 1672 618 ipsunt
1694 553 1781 609 sterit.

161 616 308 675 cumidem
331 628 424 671 eomes
444 612 594 669 Tolosanus
621 614 768 669 venerabuli
793 614 871 672 iratri
895 617 948 676 lie·
998 615 1112 671 Exstant
1125 616 1207 672 etiarn
1222 614 1320 671 httere
1336 625 1433 671 vestre
1443 617 1476 672 ad
1499 618 1639 674 domiuum
1654 621 1782 677 comitem

66 686 68 689 ’
162 687 237 761 gensi
259 685 385 757 episcopo
400 692 428 740 et
437 682 568 751 magistro
580 682 707 739 Thedisio
721 699 736 739 a
752 684 862 742 domino
877 702 947 759 papa
997 680 1186 750 hlautisiortis,
1201 684 1284 757 regali
1303 686 1391 755 sigillo
1404 688 1525 752 munite,
1541 688 1620 743 talem
1639 705 1722 761 super
1735 691 1782 749 illa

163 755 302 826 negotium
317 770 395 811 suum
408 753 504 809 iecerit
526 753 576 807 sub
590 764 665 808 certa
690 754 777 809 lorma
800 758 946 817 committi.
997 758 1084 827 gratia
1098 756 1246 813 clausulam
1260 758 1429 813 continentes
1444 773 1453 814 t
1470 757 1588 815 Dicimus
1608 760 1689 815 etium
1710 761 1782 817 uotis

162 826 334 893 lindesiam
349 824 501 889 credimus,
515 822 673 879 memoriter
687 825 811 881 retinetis
831 837 896 897 quot
919 839 947 887 et
995 825 1196 897 quadriremes
1209 826 1365 896 sepedictus
1377 826 1570 884 nolueritstnre
1589 830 1743 898 placitoiltt‘,
1757 839 1783 888 et

162 909 279 969 quantas
289 896 393 967 gratias
416 894 490 949 dicto
502 894 594 949 comiti
621 903 683 964 post
694 894 793 951 multos
818 911 947 957 exessus
996 912 1042 951 uos
1056 906 1146 963 postea
1161 913 1212 951 nou
1232 897 1480 966 audiuerithpreces
1491 910 1594 957 nostras
1612 917 1678 969 qrrus
1690 920 1738 971 pro
1751 918 1783 959 eo

161 970 247 1039 ipsius
260 966 383 1023 dominus
394 979 463 1035 papa
476 962 550 1027 lecit,
564 976 613 1019 nee
632 978 683 1019 non
699 972 727 1019 et
737 980 816 1035 quam
831 972 946 1034 qratiam
997 966 1135 1035 socientur,
1149 983 1201 1021 nou
1219 967 1318 1021 erimre
1328 967 1389 1021 inde
1402 969 1472 1023 altra
1485 972 1625 1037 dispacati.
1641 970 1783 1027 Verumta-

163 1042 197 1095 ad
216 1036 440 1093 intercessionem
463 1042 579 1088 uestram
610 1042 637 1089 et
662 1048 757 1104 preces
782 1041 946 1099 venerabilis
996 1038 1090 1091 mensi
1106 1036 1211 1091 dederit
1226 1050 1336 1106 operam
1360 1045 1390 1091 ιιι
1417 1038 1594 1095 absolutionis
1619 1040 1780 1099 henelicium

161 1108 244 1167 Pater
255 1104 440 1164 Narbonensis
453 1104 684 1175 archiepiscopus,
708 1107 946 1174 apostolicaesedis
996 1118 1190 1175 consequatur,
1204 1106 1227 1161 si
1240 1107 1421 1175 postmodum,
1441 1124 1500 1163 cum
1516 1110 1694 1169 absolutionis
1721 1114 1781 1171 lue

161 1180 277 1251 legatus,
289 1188 354 1233 tunc
375 1175 460 1230 abbas
477 1174 680 1241 cisterciensis,
692 1178 761 1245 apud
791 1174 945 1237 ihrbonam
996 1178 1033 1231 rit
1045 1177 1160 1245 gratiam
1175 1187 1350 1241 consecutus,
1366 1177 1399 1232 de
1414 1178 1504 1249 aliquo
1520 1182 1685 1251 quereletur,
1703 1184 1783 1252 justi-

162 1244 499 1318 erltuutempessullanum
513 1244 599 1300 eidem
614 1245 708 1301 coruiti
726 1245 844 1302 iaciebat
866 1249 944 1305 bien·
996 1248 1060 1301 tiaru
1076 1248 1102 1303 ei
1125 1247 1246 1303 Ecclesia
1264 1262 1317 1301 nou
1341 1248 1460 1315 negabit.
1481 1250 1640 1311 Postulastis
1670 1254 1780 1325 insuper

162 1322 219 1385 nio,
235 1321 258 1377 si
280 1321 349 1375 bene
371 1315 560 1379 meminimus,
573 1314 629 1384 jam
651 1323 798 1373 transacto.
831 1316 945 1376 Volebat
994 1326 1023 1373 ιι
1036 1320 1153 1389 rogastis
1171 1332 1221 1389 pro
1231 1318 1393 1374 castenede
1413 1318 1519 1374 Bearno
1532 1329 1563 1375 ut
1591 1322 1781 1381 restitueretur

162 1392 294 1461 siquidem
317 1389 388 1443 idem
413 1386 516 1455 legatus
549 1401 644 1442 omnes
668 1384 882 1446 dominicaturas
917 1400 945 1449 ιι
995 1388 1030 1443 ad
1046 1396 1145 1444 terram
1159 1404 1235 1447 suam
1249 1397 1277 1445 ιι
1299 1388 1333 1443 ad
1356 1390 1499 1445 fidelitates
1518 1391 1696 1449 vassallorum
1717 1410 1782 1451 suo·

161 1462 341 1533 proprietates
362 1456 448 1513 eidem
476 1455 568 1511 comiti
595 1470 736 1513 remanere
770 1458 889 1543 integras
917 1472 945 1519 et
994 1474 1066 1515 rum.
1080 1459 1167 1529 Super
1187 1474 1241 1529 quo
1257 1459 1334 1514 robis
1348 1460 1439 1515 taliter
1454 1464 1663 1530 respondemus,
1679 1473 1709 1520 ut
1727 1464 1781 1521 alia

161 1532 270 1599 illesas,
284 1538 352 1587 etut
365 1527 409 1583 illa
420 1526 481 1595 jura
495 1525 690 1596 quetrabebat
710 1527 737 1583 in
757 1538 855 1585 castrus
881 1532 945 1589 alio·
995 1528 1089 1595 rtrulta,
1105 1532 1161 1586 into
1175 1531 1265 1600 potius
1279 1529 1395 1595 inlinita,
1408 1530 1506 1601 quein
1528 1531 1615 1602 ipsum
1629 1532 1780 1592 castonem
1812 1580 1815 1590 .

161 1618 221 1659 rum
234 1600 432 1663 hereticorum,
462 1612 522 1667 que
541 1596 575 1653 de
599 1596 678 1653 leudo
692 1597 751 1667 ejus
774 1610 864 1669 erant,
884 1604 944 1662 sive
994 1600 1122 1657 dicuntur
1134 1604 1169 1655 ad
1182 1614 1311 1670 presens,
1325 1601 1434 1657 silentio
1447 1610 1627 1671 transeamus,
1641 1605 1781 1663 consede*

160 1672 282 1742 alberga,
296 1670 354 1726 sire
364 1668 466 1737 quista,
482 1666 539 1731 sine
550 1667 701 1739 cavalgata,
725 1669 812 1725 eidem
835 1671 942 1745 integro
994 1679 1070 1725 ratus
1083 1679 1125 1726 est
1138 1685 1200 1727 cum
1228 1670 1362 1726 hereticis
1385 1681 1414 1725 et
1427 1675 1641 1737 receptatoribus
1665 1691 1714 1732 seu
1731 1678 1781 1734 de·

160 1750 345 1799 remanerent·
358 1740 397 1795 lle
419 1738 473 1793 illis
499 1747 632 1807 preterea
658 1739 756 1795 eastris
780 1754 841 1810 que
863 1755 944 1801 erant
992 1738 1147 1797 lensortbus
1160 1743 1317 1798 eorumdem
1332 1750 1426 1797 contra
1439 1740 1588 1798 Ecclesiam
1603 1752 1632 1799 et
1644 1746 1778 1815 signatos.

160 1814 275 1869 aliorum
290 1810 487 1871 hereticorum,
499 1822 560 1877 quie
572 1808 605 1863 de
617 1808 695 1865 leudo
710 1808 769 1879 ejus
783 1826 836 1864 nou
851 1824 940 1881 erant,
955 1829 977 1885 g
993 1810 1040 1867 Est
1063 1811 1245 1868 Ecclesiarum
1268 1820 1297 1868 et
1332 1827 1509 1883 personarunt
1531 1813 1779 1874 ecclesiasticamm

180 1899 223 1939 ue
234 1884 305 1938 idem
329 1892 420 1936 comes
437 1878 545 1933 dicebat
562 1893 622 1934 esse
637 1879 670 1935 ad
687 1880 776 1935 miuus
790 1880 937 1951 quingenta
991 1881 1230 1939 manifestissimus
1243 1891 1272 1937 et
1294 1886 1471 1953 grauissimus
1497 1894 1667 1954 persecutor.
1696 1888 1779 1945 Venit

159 1900 228 2024 aii),
244 1950 353 2008 uolebat
373 1946 502 2019 prelatus
518 1948 626 2020 legatus
641 1958 775 2017 utquarta
788 1951 831 2005 vel
856 1954 937 2009 etiem
990 1950 1204 2010 adubsidiouem
1221 1953 1374 2010 castrinovi
1398 1954 1425 2009 in
1453 1954 1581 2011 auxilium
1604 1949 1731 2015 Tolesani
1749 1966 1779 2015 ιι

158 2026 240 2079 tertia
253 2037 316 2093 pars
335 2034 429 2076 eorum
439 2021 549 2075 eederet
566 2018 592 2074 in
614 2020 803 2089 proprietatem
833 2024 940 2081 comitis
990 2022 1123 2079 Furettsis
1146 2023 1383 2080 comitumcontra
1408 2026 1514 2095 eosqui
1529 2028 1563 2080 de
1583 2030 1778 2087 mandatodo·

158 2092 317 2165 supradicti.
353 2090 451 2158 Spreta
470 2102 536 2144 uero
557 2088 628 2144 idem
657 2104 748 2146 mures
775 2091 819 2146 illa
842 2107 939 2166 magna
990 2091 1057 2147 nrini
1084 2107 1163 2164 pape
1190 2093 1403 2165 insequebantur
1436 2096 1578 2153 hereticos
1603 2108 1633 2154 et
1656 2097 1778 2157 lautores

159 2165 245 2233 gratia
260 2162 361 2220 domini
380 2174 457 2231 pape
480 2173 512 2215 ac
526 2158 646 2229 praedicti
668 2156 748 2240 legati
764 2172 791 2217 et
813 2160 940 2221 ccclesias
989 2176 1094 2217 mmor.
1110 2163 1313 2223 interfectorem
1328 2175 1429 2223 sancte
1442 2168 1580 2223 memorie
1592 2168 1684 2225 fratris
1700 2169 1778 2230 Petri

157 2234 219 2299 Dei,
230 2234 343 2289 veniens
355 2232 460 2289 directo
475 2240 572 2286 contra
588 2230 680 2287 ontnia
700 2244 857 2298 juramenta
880 2248 941 2303 que
989 2234 1022 2289 de
1036 2233 1202 2293 castronovo
1222 2237 1377 2306 apostolieae
1390 2237 1462 2295 sedis
1475 2235 1776 2310 legatihabuitseeum,

157 2304 222 2359 oliru
236 2304 403 2387 prestiterat
421 2302 447 2381 iu
461 2298 585 2383 manibus
607 2298 768 2384 legatorum,
783 2312 811 2359 et
838 2306 941 2363 addens
990 2306 1106 2361 rotarios
1117 2307 1163 2363 diu
1179 2308 1266 2363 tenuit
1280 2318 1362 2378 atque
1383 2318 1466 2375 terret,
1489 2309 1517 2364 in
1538 2323 1610 2365 auno
1634 2314 1775 2381 preterito

157 2374 195 2430 lui
217 2382 328 2431 uitatem
357 2372 509 2443 iniquitati,
534 2384 649 2425 crtmtna
674 2373 842 2440 crrnunihus,
869 2378 938 2434 mala
990 2375 1107 2432 rotarios
1121 2392 1185 2434 suos
1199 2378 1225 2433 in
1239 2378 1422 2436 cathedralem
1437 2376 1579 2435 ecelesiam
1590 2378 1716 2439 oloronis
1730 2383 1774 2437 in-

158 2391 246 2509 maffia,
261 2441 409 2501 Ecclesiam
439 2440 485 2496 liei
507 2450 536 2497 et
558 2440 804 2523 christianitatem,
821 2446 899 2503 tidem
911 2461 939 2505 ιι
990 2446 1149 2511 duxit2ubi
1169 2457 1311 2519 amputato
1331 2447 1396 2505 lune
1410 2450 1444 2504 de
1486 2465 1519 2505 uo
1535 2450 1669 2518 pendebat
1692 2458 1774 2524 pyris

177 2530 252 2571 aeem
268 2528 329 2571 curn
343 2513 478 2569 hereticis
493 2521 522 2567 et
538 2520 648 2567 rotarus
661 2520 690 2565 et
703 2512 764 2569 aliis
790 2516 940 2585 pestilenti·
988 2519 1133 2575 continens
1145 2532 1244 2588 corpus
1256 2518 1363 2576 bomini
1377 2464 1541 2575 nostriqlesu
1552 2516 1665 2591 christi,
1679 2520 1708 2577 in
1721 2535 1775 2579 ler-

195 2586 320 2641 slortius
344 2583 511 2654 impugnavit
535 2590 564 2637 ιι
590 2582 785 2649 damnificavit,
819 2587 888 2643 adeo
910 2598 940 2644 ut
989 2602 1047 2643 ram
1062 2587 1557 2658 cecidit.et,quodneiasestdieere,
1572 2588 1660 2659 ipsum
1674 2608 1774 2663 corpus

156 2657 230 2712 omni
249 2656 338 2728 gratia
351 2666 379 2711 et
403 2651 538 2710 beneflcio
565 2652 713 2709 reddiderit
732 2668 763 2711 se
787 2654 842 2711 indi
863 2673 937 2717 nen.
991 2660 1096 2716 bomini
1106 2669 1149 2716 est
1160 2674 1208 2730 per
1220 2669 1320 2716 terram
1334 2674 1492 2729 expansum.
1508 2658 1636 2715 llotarius
1649 2663 1773 2733 {quidam

157 2724 234 2793 Quod
251 2736 342 2782 aurem
365 2724 458 2796 petitis
476 2732 541 2779 etr
575 2722 628 2779 atis
654 2726 815 2793 pmeomite
836 2730 940 2785 coure-
990 2734 1017 2787 in
1030 2730 1183 2787 irrisionem
1202 2738 1232 2786 et
1254 2730 1445 2785 contumeliam
1460 2730 1565 2785 ordinis
1586 2729 1720 2789 clericalis
1742 2750 1774 2793 se

156 2811 266 2863 narum,
281 2796 373 2853 taliter
387 2808 468 2867 super
480 2794 554 2865 huet
573 2792 680 2848 uximus
707 2797 937 2867 respondendum.
989 2798 1080 2858 induit
1099 2799 1301 2872 pontificalibus
1324 2800 1503 2864 ornamentis,
1523 2800 1681 2869 pontillcem
1706 2819 1776 2860 can-¹

155 2864 211 2922 Pro
230 2876 306 2923 certo
341 2866 529 2945 intelleximus
546 2862 701 2945 quomrum
728 2875 790 2935 post
811 2882 939 2925 excessus
990 2880 1090 2926 tantem
1105 2871 1217 2927 missam
1226 2880 1422 2941 representare
1440 2870 1602 2927 intendens:
1627 2873 1775 2943 ueletiam

155 2951 221 2993 suos
233 2936 394 3009 multiplices
407 2941 585 3003 etruramentr
598 2937 836 3015 transgressionem
851 2938 939 2997 ledus
989 2942 1090 2997 dieitur
1106 2944 1270 3010 predicasse
1284 2941 1393 3007 ibidem,
1405 2954 1434 2996 et
1445 2941 1596 2997 oblationes
1606 2944 1774 3001 mtariomm

158 3020 221 3065 cam
234 3008 370 3065 hereticis
386 3016 519 3064 eteorum
533 3003 686 3061 lautorrbus
706 3007 897 3075 contraxisset,
912 3020 939 3066 et
992 3026 1052 3068 rece
1070 3012 1134 3067 isse.
1152 3011 1349 3082 Transgressus
1364 3026 1472 3081 quoque
1484 3011 1652 3083 juramenta,
1676 3028 1776 3073 manus
1877 3068 1881 3079 ,

155 3075 243 3147 ipsam
258 3078 577 3157 Ecclesiamaanquam·
593 3075 619 3129 iu
647 3072 738 3145 aliquo
761 3076 841 3133 lesus
856 3092 935 3143 esset,
991 3090 1019 3139 iu
1033 3026 1148 3138 elericos
1171 3082 1302 3138 violentas
1330 3082 1434 3151 injecit.
1457 3081 1510 3137 Pro
1533 3082 1633 3151 quibus
1656 3093 1686 3141 ιι
1710 3084 1773 3143 aliis

156 3163 219 3204 cum
245 3148 345 3206 eisdem
358 3148 546 3221 pestilentibus
570 3156 770 3227 impugnasset,
787 3148 852 3205 lieet
865 3163 972 3236 posec
990 3152 1080 3212 causis
1103 3151 1233 3223 pluribus,
1254 3167 1322 3224 quas
1345 3152 1378 3207 ad
1398 3167 1519 3224 presens
1532 3163 1670 3221 tacemus,
1697 3156 1773 3213 idern

155 3219 268 3276 modum
280 3219 362 3276 luerit
390 3220 533 3291 diligenter
545 3218 702 3299 admonitus
725 3225 755 3271 ut
774 3231 894 3276 cessaret
921 3242 936 3278 a
987 3225 1072 3283 Gaslo
1085 3224 1372 3282 excommunicationis
1392 3233 1474 3281 estet
1494 3225 1675 3284 anathematis
1695 3228 1773 3283 neri·

156 3302 200 3344 ce
220 3289 265 3357 tis,
276 3299 304 3348 et
320 3291 428 3348 rediens
442 3290 475 3344 ad
500 3303 558 3353 cor,
585 3286 807 3345 reconciliaretur
829 3294 936 3349 taudem
988 3296 1039 3352 bus
1054 3294 1210 3352 innodatus.
1232 3293 1425 3350 Verumtamen
1439 3295 1462 3350 si
1486 3293 1651 3351 satisfecerit
1674 3297 1772 3356 Eccle-

154 3305 348 3418 echesiastice
378 3361 486 3428 unitati,
515 3357 692 3442 nihilominus
709 3359 780 3414 idem
794 3375 886 3418 eomes
910 3367 937 3419 in
987 3367 1045 3434 sie,
1069 3372 1151 3437 prout
1174 3365 1266 3430 debet,
1283 3373 1311 3419 et
1324 3365 1499 3421 absolutionis
1524 3365 1686 3425 bertellcium
1703 3383 1771 3426 con·

154 3441 205 3488 ella
232 3433 354 3503 nequitia
370 3432 513 3488 exstititet
535 3437 629 3486 curstrt
648 3431 937 3498 excommunicationis
987 3447 1127 3507 sequatur,
1154 3435 1339 3507 postmodum,
1366 3451 1428 3491 eum
1453 3436 1536 3491 luerit
1566 3436 1715 3507 absolutus,
1741 3449 1772 3498 et
1820 3447 1823 3452 '

154 3510 184 3558 et
204 3503 385 3560 anathematis
403 3503 511 3558 viuculo
532 3499 696 3566 innodatus3
712 3502 745 3554 de
771 3517 825 3572 quo
843 3505 936 3569 etiam,
985 3514 1152 3579 conquestus
1172 3504 1255 3561 luerit
1270 3506 1305 3560 de
1322 3506 1424 3576 aliquo,
1436 3509 1562 3562 audietur
1581 3507 1615 3562 de
1630 3509 1692 3579 jure
1708 3525 1770 3567 suo.

154 3581 187 3628 ut
215 3573 325 3642 dieitur,
350 3589 442 3630 comes
467 3572 618 3628 Tolosanus
642 3583 765 3628 asserere
796 3575 938 3630 consuerit
986 3577 1073 3633 Aliter
1093 3576 1227 3647 siquidem
1239 3588 1289 3645 pro
1305 3576 1442 3646 predictis
1460 3578 1500 3633 sic
1513 3581 1768 3645 excommunicatis,

154 3645 227 3712 quod
254 3659 317 3700 eum
341 3644 400 3716 ipse
426 3658 518 3700 comes
547 3639 736 3698 convenarum
757 3643 790 3696 ad
810 3659 936 3714 guerram
986 3647 1146 3704 charissime
1167 3647 1314 3718 princeps,
1333 3655 1452 3703 vestram
1474 3650 1578 3718 regiam
1600 3649 1770 3720 majestatem

154 3711 262 3783 impulit
278 3724 306 3773 ιι
315 3714 430 3773 induxit.
447 3715 520 3770 Unde
535 3713 605 3768 idem
618 3726 709 3768 comcs
722 3720 817 3768 auctor
833 3716 937 3772 exstitit
987 3718 1156 3774 intercedere
1169 3731 1224 3773 stou
1235 3717 1354 3782 deceret,
1370 3732 1422 3773 nec
1448 3733 1499 3772 nos
1516 3732 1563 3787 pro
1579 3719 1680 3776 talibus
1698 3731 1727 3777 et
1739 3723 1769 3778 iu

152 3798 204 3853 per
217 3784 268 3841 hoa
276 3801 381 3859 guerre
400 3787 571 3842 etmalorum
586 3796 646 3852 que
658 3782 721 3837 iude
733 3783 861 3840 Ecclesie
873 3785 938 3839 ruul·
987 3787 1087 3843 talibus
1098 3787 1260 3844 auderemus
1271 3785 1351 3843 aliter·
1373 3790 1538 3857 manendam
1556 3788 1622 3872 (58),
1638 3791 1679 3846 Ag
1698 3791 1767 3862 lm,

156 3853 283 3922 tipliuiter
294 3867 486 3927 provenerunt,
497 3863 524 3910 et
541 3854 642 3909 existit.
654 3851 845 3910 Verumtamen
859 3857 882 3910 si
897 3867 937 3910 ta·
987 3860 1161 3914 serenitatem
1175 3867 1294 3917 vestram
1313 3857 1431 3930 regalem
1446 3873 1587 3914 usonemus
1598 3874 1626 3914 ru
1652 3860 1768 3919 bonrino

153 3923 217 3980 liter
229 3939 260 3981 se
273 3929 427 3984 exhibuerit
454 3938 484 3982 ut
496 3921 674 3982 absolutionis
701 3921 859 3979 beneliuium
882 3943 936 3982 me·
987 3938 1015 3985 et
1029 3930 1172 3984 hortamur
1188 3938 1323 3999 quatenus
1338 3928 1372 3984 ad
1386 3928 1545 3984 memoriam
1564 3929 1709 4000 dignemint
1723 3949 1768 3989 η.

152 4005 255 4062 matur,
266 4000 448 4069 postmodum,
461 4013 522 4055 eum
535 3994 617 4050 luerit
628 3993 769 4049 absolutus
783 4003 812 4049 et
836 3996 937 4052 trabae
987 4013 1085 4055 vocare
1099 4000 1229 4055 honorem
1243 4014 1323 4069 quern
1337 3998 1415 4054 robis
1428 3997 1578 4068 apostolica
1592 3999 1671 4056 sedes
1693 4001 1767 4072 lecit,

151 4067 189 4120 rit
201 4081 344 4135 personam
356 4070 445 4124 standi
463 4070 489 4124 in
510 4066 629 4139 judicio,
646 4063 669 4120 si
683 4063 764 4120 deaii
786 4080 820 4120 uo
842 4081 935 4136 quere-
987 4078 1014 4125 et
1027 4069 1103 4125 illum
1115 4083 1196 4140 quern
1208 4069 1451 4140 impresentiarum
1474 4068 1573 4124 illustri
1588 4069 1645 4142 regi
1669 4069 1768 4130 Sicilie

150 4135 231 4202 letur,
247 4136 369 4194 Ecclesia
382 4139 548 4211 cijustitiam
563 4151 616 4192 nou
630 4135 746 4206 negabit.
796 4136 854 4191 etiit
868 4153 936 4208 pre·
986 4142 1092 4196 sororio
1113 4151 1203 4196 vestro
1223 4138 1298 4204 lacit,
1316 4141 1380 4210 quid
1403 4141 1485 4194 etiarn
1505 4140 1615 4196 domino
1641 4154 1717 4211 pape
1739 4161 1768 4198 ru

151 4216 226 4260 terea
237 4217 265 4262 et
278 4223 309 4264 ro
328 4210 441 4280 auitpro
454 4209 552 4266 comite
564 4207 679 4264 Furensi
698 4207 770 4277 regia
793 4207 932 4268 celsitudo.
986 4219 1079 4266 vestra
1094 4209 1257 4281 promisistis
1270 4214 1409 4274 unctione,
1430 4210 1533 4278 etquid
1556 4212 1704 4281 apostolica
1723 4227 1768 4268 se·

149 4276 189 4330 ad
202 4280 274 4348 quod
289 4288 315 4333 ta
327 4280 379 4336 iter
403 4279 595 4351 respondemus
613 4279 683 4348 quod
706 4283 815 4333 constat
829 4279 862 4332 de
878 4279 936 4348 ipso
987 4281 1036 4338 des
1045 4282 1123 4338 robis
1136 4281 1242 4339 dederit
1261 4281 1288 4335 iu
1301 4281 1444 4335 mandatis.
1471 4285 1588 4336 cramus
1602 4289 1633 4337 ut
1646 4280 1717 4337 licus
1731 4285 1768 4338 ad

150 4349 222 4414 quod
238 4349 426 4406 llereticorum
440 4350 544 4406 exstitit
559 4348 662 4419 alongo
677 4355 797 4417 ternpore
812 4359 935 4420 recepta-
987 4352 1119 4408 honorem
1143 4367 1222 4408 suum
1241 4361 1269 4406 ιι
1296 4361 1397 4406 ιιιιιιιι
1414 4351 1543 4406 Romane
1567 4351 1696 4408 Ecclesiae
1720 4367 1770 4422 per

151 4426 203 4482 tor,
219 4425 247 4473 et
269 4419 512 4490 impresentiarum
528 4421 609 4474 etiam
627 4427 777 4486 receptator
790 4427 934 4476 esteorum
987 4423 1071 4477 multa
1088 4431 1208 4491 tempora
1223 4437 1272 4478 vos
1284 4431 1435 4479 conservet.
1448 4421 1559 4489 Quodsi
1571 4437 1620 4496 per
1634 4423 1704 4479 hauc
1718 4439 1771 4478 uo·

148 4489 617 4562 etdelensor;presertimcumnon
639 4486 1072 4592 sitdubiumtquincrc·Dstram
1090 4491 1293 4562 responsionem
1319 4501 1419 4548 vestre
1451 4490 1533 4562 regie
1546 4493 1681 4564 majestati
1711 4508 1767 4548 non

148 4559 243 4615 dentes
259 4563 452 4618 hereticorum
465 4559 582 4616 lueretici
594 4559 648 4614 sint
659 4558 779 4612 dicendi:
792 4561 836 4627 qui
850 4561 931 4616 etiam
984 4562 1067 4618 luerit
1077 4564 1255 4633 satisfactum,
1273 4576 1324 4620 nos
1345 4565 1381 4618 ob
1407 4562 1586 4618 reverentiam
1601 4575 1719 4620 vestram
1739 4571 1769 4619 et

148 4639 210 4698 post
223 4633 384 4704 multiplices
394 4646 519 4688 excessus
528 4627 811 4698 suosetgravissimos,
820 4631 931 4699 postdi-
983 4634 1101 4704 gratiam
1136 4633 1238 4690 lactum
1269 4633 1381 4689 domino
1411 4647 1488 4702 pape
1517 4634 1673 4692 curabimus
1702 4635 1769 4690 inti·

148 4701 284 4758 rationem
299 4714 327 4760 et
340 4703 525 4775 spoliationem
537 4699 721 4761 ecclesiarum,
738 4707 799 4767 post
811 4703 930 4768 prestita
983 4719 1066 4761 mare.

147 4774 510 4847 corporaliterjuramentaet
516 4768 691 4840 obligationes
697 4776 930 4837 lampersonarum
1016 4776 1114 4832 ilatum
1127 4775 1219 4843 Vauri,
1237 4789 1273 4831 xv
1286 4772 1346 4829 llal.
1359 4773 1511 4828 Februarii.

147 4855 231 4910 quam
243 4859 348 4914 rerum,
362 4843 605 4918 postinieetiouom
627 4853 754 4894 trrauuum
778 4838 804 4892 in
819 4840 931 4922 elericos
1328 4884 1407 4940 mu
1441 4849 1455 4903 ’,

148 4923 178 4968 ιι
195 4915 380 4974 detrusionem
412 4929 507 4972 eorum
529 4915 557 4970 in
582 4923 729 4977 carcerem,
757 4921 805 4978 pro
831 4911 930 4982 qulbus
989 4925 995 4934 ¹
1410 4923 1420 4941 ·

148 4986 240 5042 causis
257 4995 286 5042 et
299 4988 391 5046 multis
404 4989 463 5044 aliis
475 4981 759 5042 excommunicationis
773 4989 801 5034 et
815 4983 930 5038 arrathe·
1072 5001 1106 5056 gg
1127 5002 1256 5058 agnem,
1274 5019 1291 5056 a
1307 5001 1458 5072 &semrom
1479 5000 1672 5056 gmgwmm,

146 5055 423 5115 matisestmuerone
436 5071 590 5128 percussus,
601 5061 662 5125 post
676 5051 748 5106 illam
766 5052 849 5106 etiam
866 5066 929 5124 gra·
1105 5113 1111 5126 ,
1143 5113 1149 5126 ,
1228 5113 1235 5126 ‚
1397 5112 1402 5123 ,
1432 5112 1438 5124 ,
1477 5112 1484 5123 ,
1516 5110 1523 5123 ,
1616 5111 1623 5123 ,
1662 5110 1697 5123 ,,

146 5126 214 5180 liam
226 5142 308 5198 quam
321 5131 391 5186 idem
403 5130 506 5203 legatus
516 5129 550 5183 ad
567 5125 786 5181 intercessionem
797 5133 824 5178 et
835 5131 930 5192 preces
1017 5113 1197 5168 50i⁰ss¹⁵⁵¹m⁰
1210 5125 1268 5167 V¹l⁰
1288 5126 1321 5167 ³⁰
1339 5112 1571 5167 Glllssllifflsslfflll
1583 5124 1697 5181 lll¹¹¹⁰¹li¹
1711 5111 1764 5169 ἅθ’

145 5206 254 5253 uestras
265 5199 329 5256 olim
341 5201 391 5273 ipsi
415 5199 505 5257 comiti
524 5196 650 5260 iaciebat,
662 5200 799 5249 cruentam
829 5192 928 5250 eedem
980 5181 1764 5265 minorasselicigratiaillustrissimoregiaragonensi,

143 5269 270 5325 exercuit
283 5269 312 5326 iu
325 5273 444 5343 signatos
465 5277 518 5324 tam
538 5269 652 5325 clericos
668 5279 749 5334 quarn
769 5263 862 5332 laicos,
882 5265 927 5335 qui
980 5255 1067 5338 frater
1077 5268 1214 5309 tattaeus
1229 5253 1320 5335 drrrna
1333 5264 1508 5334 mtseratrone
1522 5251 1705 5309 Narbonensis
1716 5268 1762 5335 ar·

144 5337 173 5391 in
188 5349 347 5410 paupertate
359 5351 387 5398 gg
406 5340 578 5410 simplicitate
599 5353 648 5394 gna
676 5337 703 5390 in
719 5335 766 5391 Dei
787 5335 928 5391 servilium
980 5327 1177 5410 ⁰⁵¹¹⁰P¹⁵⁰⁰P¹¹⁸y
1199 5324 1364 5406 39⁰⁵²9¹¹Q
1374 5322 1446 5378 sellis
1462 5321 1579 5406 legallhc,
1599 5322 1713 5404 §illistam
1731 5339 1761 5380 ln

146 5419 245 5465 compa
264 5411 344 5468 gaggi
357 5413 495 5468 hereticos
508 5409 688 5465 amputabant,
980 5399 1112 5453 charrtate
1127 5409 1209 5449 arrrmr
1222 5403 1250 5451 et
1268 5395 1416 5450 vrscerrbus
1428 5391 1491 5448 lesu
1506 5391 1618 5450 chnstr.

180 5481 274 5548 Qualis
288 5491 379 5538 autem
401 5493 430 5538 et
442 5491 542 5554 quanta
561 5491 619 5535 erat
632 5479 676 5534 illa
701 5476 786 5548 gratia
804 5477 873 5533 hene
884 5491 927 5532 re·
1015 5465 1196 5550 intelleximus
1208 5479 1262 5520 non
1276 5464 1336 5548 sine
1351 5465 1432 5519 multa
1447 5463 1598 5520 turbatione
1612 5478 1645 5520 ae
1661 5466 1762 5520 amari·

145 5551 223 5620 eoht,
238 5548 566 5620 sicutcredin'rus,sestra
590 5551 663 5622 regia
673 5549 815 5613 celsitudo,
832 5551 866 5602 ad
881 5563 928 5602 cu·
980 5540 1072 5619 ltltllbe
1087 5549 1170 5618 amm}
1183 5536 1254 5606 (1⁰⁰⁶
1265 5544 1402 5619 mitialem
1414 5535 1572 5617 T0l⁰⁵³¹13¹¹¹
1596 5545 1758 5590 ‘aemilium

140 5618 190 5690 jus
211 5625 434 5682 intercessionem
458 5633 486 5680 et
501 5637 596 5694 preces
628 5635 689 5676 cum
709 5617 804 5676 eodem
829 5617 928 5674 comite
979 5607 1167 5666 bionusalbam
1181 5615 1303 5665 etterras
1312 5605 1380 5663 ahas
1388 5613 1500 5680 propter
1510 5619 1613 5661 crimea
1623 5606 1762 5662 hereseos
1817 5678 1821 5690 ι

141 5753 925 5907 ciffi)rinnalffl‘l‘amAiff'cyoflicezpcoffiertlfigtfegitqumffl
964 5755 1071 5889 sulendi)
1083 5811 1238 5876 Videccsts
1249 5801 1343 5876 innoc.
1359 5805 1421 5883 lll,
1431 5827 1490 5885 cap.
1510 5811 1560 5869 lab
1573 5817 1601 5867 et
1616 5826 1693 5886 seqq.

264 5933 401 6046 ιιι-ιιι.
415 5930 549 5993 ccxvi.
1320 5989 1327 6000 .
1567 5905 1604 5965 27

1383 6007 1399 6040 Ι
