4109 6325
170 315 221 371 ἷὲιῚ

666 308 915 367 rourutcntus
928 308 1021 367 ANNO
1041 311 1098 384 XV,
1117 310 1254 369 cuhtstt
1273 313 1353 369 tate.

1744 320 1796 377 tau

170 436 225 493 tur,
248 424 462 499 manutenendo,
486 426 643 495 (tatturhas,
658 426 756 483 ditium
771 426 823 499 lcqi
846 428 957 485 ebriare
972 434 994 491 Α
1008 444 1066 485 raro
1078 401 1282 490 ecclesiasticam
1298 430 1403 486 satiato
1418 428 1623 499 appellationis
1613 432 1797 501 torpentium,

169 532 225 573 uon
241 526 373 579 metuens,
368 529 441 591 qua
458 515 572 585 quisque
597 516 622 571 tt
638 514 684 577 alii
704 514 796 573 lacere
816 518 907 587 qarod
902 532 959 589 ipse

169 608 221 665 sibi
235 608 319 663 nollet
333 605 392 662 lieri
408 606 577 679 prohibetur.

204 698 273 767 Quia
292 697 376 767 igitur
394 712 443 767 per
470 698 522 755 hoc
558 699 629 757 inter
655 709 680 757 te
697 714 730 757 ac
754 700 840 769 ipsum
866 716 959 772 regom

69 864 74 871 .
170 804 252 861 granc
266 796 358 857 posset
372 804 426 843 uon
442 788 501 843 sinc
522 790 613 861 populi
633 790 782 847 Christiani
799 790 919 860 periculo
931 801 959 847 et

167 882 274 953 iactura
294 879 453 941 scandalum
465 881 605 951 generari,
621 882 796 937 serenitatem
813 890 886 937 tuaru
899 896 959 937 mo·

169 986 276 1038 nemus,
291 984 418 1040 regnatus
436 978 465 1024 ct
478 972 659 1027 exhortamur
669 971 697 1025 in
715 971 842 1051 Domino,
857 972 959 1041 tibique

1010 517 1157 589 conpellar.

1045 714 1221 757 enuntientur
1244 714 1478 759 tsnosourttrrnuo
1496 719 1666 769 ιιιιτιιιιι
1689 718 1762 762 senos

1167 803 1273 845 uesano
1296 805 1332 843 er
1359 805 1554 848 ιιιιιιιιιιιιι
1571 809 1643 851 utus.

1145 878 1178 935 tn
1192 880 1303 949 populos
1314 880 1342 933 in
1355 881 1422 949 repis
1434 882 1487 948 pole
1498 886 1662 950 conportent.

1192 969 1343 1041 (Laterani,
1361 986 1378 1023 ι
1391 970 1455 1025 ldus
1463 972 1608 1044 latiuarii.)

169 1059 198 1115 in
220 1058 407 1115 remissionem
430 1058 597 1131 injungimus
611 1069 797 1131 peecatorum,
824 1070 959 1133 quatenus
1050 1067 1153 1141 puanto
1165 1072 1198 1114 ιι
1213 1058 1428 1115 dissensionibus
1438 1061 1591 1131 principum
1602 1073 1629 1118 et
1641 1079 1795 1138 magttatum

167 1150 271 1208 'dictum
287 1149 318 1208 0.
339 1159 366 1207 et
381 1150 448 1207 alios
471 1154 542 1223 repis
565 1154 708 1209 memorari
723 1146 959 1225 vassallos‚'quos
1008 1149 1242 1221 ierosolymitanae
1267 1150 1413 1218 provincie
1436 1152 1563 1221 gratiora
1585 1156 1683 1224 saepins
1696 1159 1795 1215 discri-

169 1242 231 1300 licet
249 1260 302 1299 non
317 1245 457 1315 generatio
470 1246 571 1312 carnis,
586 1246 713 1315 baptismi
730 1255 821 1303 tamen
845 1263 959 1318 regene-
1008 1244 1082 1297 mina
1097 1243 1222 1297 evasisse
1236 1241 1428 1312 contrivimus,
1453 1253 1530 1298 ιιιιιι
1553 1245 1697 1305 sollicitius
1711 1253 1795 1320 quieti

169 1335 239 1389 ratio
252 1332 334 1391 edicit
347 1334 396 1391 tibi
415 1335 528 1402 iratres,
543 1336 578 1391 ob
597 1340 778 1393 reverentiam
794 1337 867 1393 beati
883 1337 956 1393 Petri
1007 1349 1043 1390 ac
1060 1333 1120 1403 paci
1144 1332 1265 1401 eiusdem
1291 1333 1432 1387 intendere
1455 1332 1624 1392 affectamus.
1652 1337 1690 1393 iic
1714 1341 1797 1411 igitur

170 1432 197 1478 et
216 1434 353 1494 nostram,
369 1432 424 1482 imo
442 1427 531 1497 potius
542 1420 606 1483 ob
600 1428 683 1497 ipsius
706 1427 808 1488 Christi
833 1428 957 1486 timerent
1008 1424 1236 1495 propterohituru
1252 1420 1334 1475 clm
1353 1422 1523 1479 metnotlaen
1539 1425 1675 1494 regina
1702 1430 1796 1485 uxoris

168 1513 272 1583 pariter
292 1522 319 1570 ιι
342 1530 479 1583 amorem,
492 1529 587 1597 aquo
601 1531 699 1572 ttamen
721 1524 809 1573 tecum
834 1516 957 1587 accipere
1008 1514 1163 1571 charissimi
1196 1515 1223 1568 in
1249 1511 1360 1567 Christo
1384 1512 1433 1569 lilii
1461 1516 1549 1569 nostri
1575 1516 1795 1589 lertisolymitaui

169 1613 337 1673 meruerunt,
362 1605 462 1663 liberos
480 1590 557 1663 abire
576 1608 750 1677 pertuittens,
775 1607 860 1679 ipsius
885 1608 957 1681 repis
1008 1607 1080 1676 regis
1105 1605 1280 1661 illustrisaut
1303 1604 1356 1659 alia
1383 1610 1545 1675 quacunque
1572 1622 1655 1662 causa
1682 1624 1794 1679 regnatam

170 1688 327 1754 hominihus
349 1697 453 1753 nullum
468 1707 562 1757 contra
582 1714 644 1755 eum
665 1699 806 1769 impendas
825 1699 955 1755 auxilium
1008 1696 1079 1764 ejus,
1093 1698 1127 1752 ad
1142 1692 1220 1763 cujus
1240 1693 1361 1766 regimen
1380 1695 1459 1751 uobis
1478 1698 1679 1769 postulantibus
1690 1710 1732 1755 est
1751 1717 1796 1755 as·

168 1787 211 1844 rel
234 1786 365 1855 lavarem,
390 1788 512 1859 quinimo
536 1798 660 1859 potenter
681 1788 796 1847 assistas
817 1790 905 1846 eidem
920 1790 954 1845 ad
970 1770 992 1828 Β
1007 1795 1147 1859 ιιιιιψιιι,
1171 1801 1340 1857 aquoquam
1363 1798 1466 1841 tentore
1491 1790 1674 1856 perturbetur,
1697 1807 1729 1847 ac
1748 1807 1796 1861 pcr

169 1878 229 1949 jura
241 1895 290 1935 sua
301 1888 393 1935 eontra
402 1882 608 1949 perturbatores
624 1879 759 1937 indebitos
771 1879 954 1949 delendeuda,
1007 1879 1060 1934 hoc
1080 1878 1221 1949 contingat
1242 1866 1377 1932 scissuras
1387 1884 1415 1930 et
1436 1876 1563 1956 scandala
1577 1878 1603 1931 in
1624 1881 1718 1935 eadem
1731 1896 1795 1951 pro·

169 1980 200 2025 ut
218 1967 289 2025 idem
316 1970 349 2026 ad
365 1980 436 2025 tuam
457 1984 507 2041 per
530 1970 582 2025 lroc
602 1970 750 2026 amicitiam
775 1981 954 2041 prouocatus,
1005 1972 1096 2027 tinacia
1113 1970 1251 2042 generari,
1267 1968 1440 2024 universitati
1462 1980 1559 2025 restrae
1578 1986 1628 2041 per
1649 1974 1794 2040 apostoliea

169 2081 223 2122 uon
235 2067 304 2121 odiis
319 2076 408 2123 tecum
424 2074 550 2123 teneatur
559 2051 733 2133 contendere,
746 2066 794 2121 sed
806 2066 955 2137 obsequiis,
1005 2062 1106 2132 scripta
1123 2062 1287 2116 mandamus
1303 2067 1437 2129 quatenus
1451 2061 1593 2117 universos
1609 2064 1684 2133 regati
1701 2063 1794 2119 tidcles

169 2158 311 2228 exquibus
322 2157 415 2229 utique
427 2158 531 2215 lruetus
543 2156 707 2228 tetupotales.
719 2156 863 2227 provenite
877 2166 954 2227 pate·
1006 2163 1036 2207 ut
1052 2154 1078 2208 in
1095 2154 1180 2225 ipsius
1196 2153 1271 2223 regis
1284 2159 1346 2208 et...
1363 2150 1424 2206 llllae
1435 2166 1492 2207 suae
1510 2152 1639 2209 tidelitate
1653 2154 1723 2208 drmi
1738 2164 1794 2209 sta-

169 2258 231 2305 ruut
255 2259 283 2305 et
299 2249 404 2305 aeterni.
424 2248 527 2305 Taliter
549 2258 639 2305 atatem
657 2248 835 2319 apostolicum
861 2249 957 2303 audire
1006 2244 1129 2317 bilesquc
1151 2245 1314 2316 persistant,
1338 2242 1440 2298 sedulis
1461 2233 1695 2302 exhortationihus
1715 2247 1794 2301 irritor-

169 2356 247 2396 cures
268 2349 296 2396 et
309 2340 441 2399 exaudire
456 2340 613 2427 mandatum
630 2336 665 2417 ἰι
689 2350 715 2397 ιι
745 2348 873 2411 tanquam
891 2338 956 2393 obe·
1007 2352 1112 2410 carues,
1128 2342 1253 2407 rebelles,
1276 2338 1300 2395 si
1320 2341 1365 2410 qui
1380 2342 1490 2407 luerint,
1512 2340 1638 2396 autalios
1658 2342 1795 2412 quoslibet

169 2432 276 2519 dieutiae
291 2431 376 2487 tilium
392 2428 671 2511 charitatis'bracbiis
683 2432 782 2489 lortius
796 2431 954 2502 amplexan-
1006 2434 1092 2505 ipsius
1110 2434 1181 2503 regis
1194 2442 1242 2488 aut
1262 2437 1339 2505 regui
1356 2434 1543 2489 ntolestatorcs
1565 2432 1793 2508 indebitos,'cuur

81 2522 85 2528 '
170 2531 220 2589 tes,
245 2537 340 2593 preces
362 2533 435 2593 tuas,
456 2525 561 2597 siquas
583 2524 730 2597 aliquando
745 2523 824 2581 nohis
844 2523 956 2595 tlttneris¹
1006 2524 1042 2580 ab
1056 2538 1089 2579 ιι
1103 2523 1210 2579 lucrinis
1221 2523 1355 2593 requisiti,
1366 2522 1566 2595 percensuram
1579 2523 1794 2578 eeclesiasticam

169 2616 354 2687 porrigendas,
370 2615 515 2673 admittere
531 2618 627 2673 morito
644 2625 793 2673 teneamur.
1006 2612 1112 2671 sublato
1134 2614 1324 2683 appellationis
1352 2612 1494 2670 obstaculo
1519 2613 1710 2682 compescatis.
1738 2610 1793 2667 ιιι

205 2708 300 2763 uatum
325 2707 468 2778 Laterani,
484 2726 521 2767 tu
548 2711 610 2779 ldus
623 2709 759 2777 ianuarii,
782 2708 956 2781 pontificatus
1006 2704 1135 2777 denique,
1150 2707 1162 2759 l
1164 2715 1251 2762 ratres
1263 2706 1418 2778 patriarcha
1430 2713 1458 2759 et
1474 2704 1605 2774 episcopi,
1621 2718 1703 2774 super
1714 2704 1791 2761 robis

169 2797 254 2853 nostri
270 2797 462 2879 nonodecimo
477 2800 584 2875 quinto.
1007 2798 1084 2869 ipsis,
1095 2807 1148 2853 etc.

459 2946 462 2952 ·
521 2931 611 2987 Gelil.

251 3037 385 3081 urctsrno
402 3040 438 3080 nr
456 3038 607 3080 rnrrutuus
626 3038 738 3077 utntrrn
758 3036 868 3076 renam.

471 3134 508 3191 De
522 3136 611 3190 elidem
626 3152 663 3190 re.

346 3225 494 3298 (Laterani,
510 3239 536 3280 vt
553 3225 614 3280 ldus
629 3222 777 3290 Jarttrutii.)

203 3340 339 3408 Quantum
365 3339 491 3410 expediat
522 3346 551 3392 ιι
577 3336 656 3394 robis
682 3347 710 3392 ιι
734 3315 898 3394 ιιιίιίιιίιιι
929 3334 956 3392 in
1011 3340 1014 3346 '

1042 2888 1139 2942 liatuut
1164 2886 1307 2952 Laterani,
1330 2902 1347 2938 v
1372 2886 1434 2940 idus
1452 2884 1594 2949 Jurruatii,
1619 2883 1795 2954 pontificatus

1007 2980 1094 3034 nostri
1107 2995 1178 3034 aritio
1193 2979 1290 3031 ouirrto
1304 2977 1420 3032 decimo.

1358 3066 1446 3122 ccxl.

1160 3177 1286 3218 accusatu
1305 3175 1366 3216 nunt
1377 3153 1643 3214 ¹tutanosoctutruuo.

1078 3251 1207 3306 Ηιιιιιιι
1219 3267 1279 3305 earu
1294 3251 1328 3305 od
1340 3248 1517 3318 descttaioncrn
1532 3258 1609 3302 terroe
1621 3258 1728 3301 coactu.

1192 3342 1343 3414 (Laterani,
1355 3357 1373 3395 r
1387 3339 1450 3395 ldus
1460 3338 1607 3410 ianuarii.)

169 3431 278 3488 Christo
301 3433 355 3487 lilio
382 3441 477 3488 nostro
501 3427 559 3500 regi
584 3427 828 3512 llietosolymitauo
858 3423 956 3483 illustri
1044 3433 1203 3488 veritatatem
1227 3433 1261 3487 au
1286 3429 1586 3500 apostolicamsedem
1615 3429 1796 3485 venerabitem

170 3522 284 3594 aliisque
306 3523 487 3594 principibus,
509 3529 578 3586 ιῑιιι
598 3535 680 3590 utque
700 3519 793 3574 alieni·
819 3516 858 3574 Ne
873 3517 957 3592 igilur
1010 3525 1121 3580 tratrem
1140 3527 1263 3580 nostrum
1287 3521 1475 3578 sidoniensem
1494 3519 1649 3590 episcopum
1666 3531 1796 3575 consueta

170 3618 247 3672 nohis
265 3617 292 3672 iu
304 3630 352 3672 uos
367 3615 439 3702 ipsos
455 3613 551 3672 divisis
566 3619 640 3672 terta
658 3611 762 3674 eadem,
779 3608 851 3678 quud
868 3607 955 3662 abili!
1009 3615 1178 3686 benignitate
1192 3614 1353 3684 recepimus,
1370 3621 1398 3668 et
1412 3626 1493 3682 super
1508 3610 1582 3666 obitu
1598 3611 1678 3666 clarae
1694 3626 1799 3665 uaeruo-

170 3708 285 3780 amplius
306 3707 461 3773 desoletur,
488 3703 694 3762 uttitcrsitateua
720 3710 838 3758 uestram
862 3714 957 3756 ιιιιιιι·4
1009 3695 1092 3762 ricc...
1107 3706 1208 3776 regine
1223 3703 1320 3759 uxoris
1340 3710 1394 3755 tuae
1409 3701 1490 3755 uobis
1510 3705 1634 3758 nuntiato
1649 3703 1798 3774 peripsum

171 3815 241 3865 torus,
263 3806 436 3872 ¹08³11¹1¹³e2
459 3797 636 3852 0¹l¹0l¹²¹¹¹¹¹¹l
655 3794 683 3850 1⁰
704 3792 838 3859 Domino,
860 3803 887 3848 0¹
910 3806 959 3864 pet
1010 3806 1124 3868 paterno
1142 3797 1190 3851 tibi
1209 3794 1387 3851 condolentes
1401 3794 1514 3863 allecta,
1537 3809 1568 3849 ea
1583 3808 1643 3864 quae
1658 3794 1727 3846 idem
1741 3792 1799 3863 epi-

170 3892 318 3966 apostoliea
339 3891 439 3960 scripta
455 3889 635 3961 praecipiendo
649 3887 811 3944 mandamus
824 3893 959 3956 quatenus
1009 3902 1108 3958 scopus
1124 3900 1206 3957 super
1221 3885 1274 3940 tuis
1295 3900 1328 3942 ac
1346 3886 1421 3957 tepori
1438 3884 1476 3939 tui
1500 3885 1618 3953 negotiis
1637 3880 1752 3938 sollicite
1766 3896 1798 3936 ac

171 3987 226 4058 regi
243 3985 372 4054 praedicto
393 3992 487 4038 cantra
505 3979 642 4051 quoslibet
660 3969 737 4049 requi
755 3977 797 4033 sul
815 3976 960 4046 perturba·
1010 3978 1168 4050 prudenter,
1186 3976 1310 4031 sicutvir
1328 3976 1458 4046 prouidus
1481 3983 1509 4029 et
1528 3971 1632 4038 tidelis,
1657 3971 1799 4041 proposuit

172 4087 244 4132 tores
257 4075 391 4131 indebitos
410 4071 525 4128 dtleliter
543 4078 571 4126 et
585 4069 701 4124 uiriliter
716 4070 889 4132 assistentes,
905 4077 960 4122 ter·
1013 4083 1106 4124 coram
1121 4067 1209 4133 nohis,
1226 4073 1358 4136 quantuni
1372 4066 1463 4122 decuit
1484 4063 1641 4122 curarimus
1656 4063 1797 4118 exaudire.

171 4185 230 4226 tant
251 4171 310 4240 ejus
335 4177 363 4224 et
379 4165 439 4236 jara
456 4167 526 4222 sicut
544 4175 637 4221 vestra
659 4165 770 4236 propria
796 4163 959 4231 defendatis,
1012 4161 1154 4216 Moncmus
1176 4166 1267 4213 autem
1292 4157 1467 4212 serenitatem
1495 4164 1590 4221 tuam,
1619 4169 1746 4226 rognnms
1772 4161 1800 4208 et

171 4275 307 4322 uremorcs
318 4261 390 4331 quod
406 4267 497 4314 vestra
516 4273 559 4314 res
575 4260 665 4330 agitur
683 4258 775 4330 paries
788 4272 851 4314 eum
866 4253 959 4327 proxi·
1012 4248 1220 4306 exhortamur
1212 4263 1239 4302 tn
1255 4246 1371 4303 homino
1394 4250 1528 4316 quatenus
1551 4244 1667 4301 sollicite
1682 4255 1800 4313 pensans

171 4367 233 4406 tntts
254 4353 340 4413 ardet,
356 4358 383 4406 et
396 4351 461 4406 dum
484 4349 625 4419 praelatum
647 4345 765 4404 nitiruiui
785 4360 899 4418 regnum
914 4346 962 4402 de·
1012 4341 1171 4400 discrimina
1191 4349 1220 4395 et
1236 4338 1379 4409 jacturas
1383 4351 1451 4409 quas
1471 4335 1715 4408 hierosolymitana
1737 4348 1802 4406 pro·

172 4439 321 4506 iendere,
325 4440 462 4511 propriam
486 4439 663 4496 securitatem
688 4437 832 4495 noscimini
864 4451 963 4508 procu·
977 4433 1105 4496 Briareia
1124 4448 1158 4489 ex
1181 4431 1351 4487 dissensione
1370 4441 1463 4496 regum
1477 4442 1510 4484 ac
1534 4426 1687 4499 priueIpuut
1710 4425 1801 4481 conisi·

171 4549 245 4591 rare.
266 4532 321 4589 lios
340 4533 411 4589 euim
426 4529 575 4594 venerabili
590 4529 668 4585 tratri
684 4539 779 4588 nostro
798 4530 962 4604 patriarchae
1013 4527 1141 4584 stantium
1157 4527 1184 4580 in
1198 4525 1292 4580 cadem
1308 4520 1446 4578 ttrultoties
1459 4524 1580 4577 nmcitur
1594 4505 1753 4583 incurrisse,
1766 4519 1800 4572 ad

173 4622 434 4697 hierosolymitano,
461 4621 616 4694 apostolicas
639 4621 712 4678 sedis
735 4622 833 4694 legato,
862 4620 963 4676 nostris
1013 4626 1198 4675 armacontra
1218 4614 1535 4679 Christianosmotenda
1557 4627 1610 4666 non
1632 4607 1799 4679 quibuslibet

173 4719 272 4775 daturus
288 4717 412 4773 litteris'
406 4733 433 4772 ur
448 4713 584 4770 mandatis
607 4721 636 4766 ut
652 4727 701 4769 tos
714 4713 749 4768 ati
769 4712 796 4768 id
815 4711 963 4800 edicaciter
1014 4708 1213 4784 pertraharis
1205 4707 1314 4778 injuriis
1335 4715 1383 4761 aut
1403 4702 1551 4774 ampliandi
1576 4699 1652 4770 regui
1669 4696 1796 4768 cupidine

173 4820 282 4870 ιιιιιιιι
298 4822 326 4866 ιι
339 4808 465 4876 inducat,
486 4819 515 4864 ct
527 4812 549 4867 si
565 4809 664 4864 viderit
680 4807 819 4878 expedire,
836 4819 887 4876 per
898 4819 964 4860 cen.-

173 4919 268 4960 surarn
281 4903 496 4960 ecclesiasticam
516 4902 622 4960 sublato
637 4900 827 4972 appellationis
849 4897 964 4970 impedi-

173 5006 266 5052 mento
284 4996 438 5068 compellat.

209 5093 309 5148 Datum
333 5090 471 5158 Laterani,
498 5087 602 5146 toldus
624 5085 758 5151 lartumii,
790 5083 965 5156 pontillcatus

173 5181 262 5236 nostri
276 5195 347 5236 anuo
357 5179 454 5251 quinto
464 5171 580 5236 decimo.

210 5271 244 5326 lu
258 5273 377 5327 eantdem
395 5271 501 5326 modam
519 5273 698 5341 scriptumest
717 5275 842 5338 mapertro
859 5273 885 5319 et
906 5265 966 5335 (ro-

174 5365 260 5420 tribur
272 5360 672 5452 llieresotpuutaniHospitalis.
684 5357 848 5415 lorcamdetn
858 5357 965 5412 modurn

173 5451 353 5523 scriptumest
369 5452 459 5506 comiti
474 5433 647 5519 Tripolitana.

212 5539 300 5612 Super
323 5541 372 5596 hoc
395 5541 521 5610 seriptum
544 5547 583 5594 est
596 5537 758 5609 patriarche
775 5535 967 5607 Hierosotpmr-

175 5643 240 5688 tana
261 5631 412 5704 apostalice
435 5631 504 5687 seclia
528 5631 612 5702 teporo
627 5639 654 5684 ut
668 5646 712 5684 eos
726 5629 760 5684 od
776 5627 804 5683 id
829 5627 967 5698 efficaciter

176 5729 282 5776 ruaneat
297 5731 321 5776 ct
337 5718 531 5788 iudrteo1,etsi
545 5715 637 5773 uiderit
657 5715 787 5786 expedire,
805 5729 851 5784 per
866 5728 966 5788 'censu-

1014 4802 1149 4869 inciteris,
1168 4797 1239 4856 sed
1231 4814 1259 4854 ru
1282 4795 1415 4862 sapientia
1431 4796 1544 4848 vincens
1558 4789 1708 4855 malitiam,
1724 4796 1751 4842 ct
1767 4787 1801 4841 de

1015 4910 1099 4966 regno
1110 4892 1235 4962 cogitans
1246 4887 1425 4959 sempiterno,
1439 4885 1473 4941 ad
1486 4897 1518 4940 ea
1530 4898 1579 4953 pro
1594 4881 1692 4952 quibus
1705 4878 1803 4934 natatis

1015 4985 1064 5042 soli
1089 4981 1260 5040 dulcedinem
1282 4977 1437 5048 reliquisti,
1464 4973 1651 5030 defensionem
1676 4971 1804 5027 uidelicet

1015 5085 1095 5132 terrae
1110 5082 1224 5138 sauctae,
1238 5081 1294 5130 tota
1308 5080 1402 5126 tuente
1421 5067 1564 5140 diligenter
1586 5063 1733 5127 intendas,
1753 5076 1804 5116 occ

1018 5165 1152 5223 ιιιιιιιιι
1166 5165 1196 5220 in
1210 5160 1350 5234 prosperis
1368 5175 1418 5215 ιιι
1431 5155 1612 5214 constantiam
1629 5154 1761 5209 deserens
1775 5151 1802 5205 iu

1016 5255 1153 5322 adversim
1176 5253 1222 5309 sed
1236 5253 1309 5308 omni
1329 5250 1450 5322 tempore
1467 5247 1613 5302 Dominum
1627 5239 1802 5306 benedicens,

1016 5355 1045 5402 ιι
1059 5355 1153 5416 pateus
1167 5345 1201 5400 ab
1215 5359 1247 5400 eo
1265 5345 1295 5398 ut
1309 5343 1410 5414 dirigat
1424 5340 1483 5395 tias
1504 5348 1565 5395 tuas
1587 5345 1615 5392 et
1628 5334 1721 5392 omnia
1736 5348 1803 5390 con·

1017 5435 1081 5492 silia
1102 5446 1147 5491 tua
1171 5435 1291 5492 stabiliat
1312 5434 1340 5490 iu
1354 5435 1453 5504 seipso,
1477 5430 1524 5502 qui
1536 5442 1600 5484 suos
1617 5442 1672 5482 uon
1686 5426 1774 5482 solum
1788 5440 1804 5480 a

1019 5525 1204 5582 tribulationis
1227 5520 1490 5595 anqttstialiberat,
1517 5522 1565 5576 scd
1590 5519 1673 5576 etiam
1692 5520 1719 5575 in
1746 5517 1805 5587 ipsa

1021 5617 1196 5675 tribulatione
1223 5618 1335 5683 dilatat,
1366 5623 1398 5670 ut
1423 5608 1583 5670 timentibus
1605 5611 1690 5672 [ιιιιιι
1711 5607 1804 5665 ιιιιὶι

1018 5718 1201 5783 cooperentur
1218 5708 1247 5764 in
1261 5709 1374 5776 bonum,
1389 5717 1418 5763 ιι
1436 5719 1498 5762 cum
1518 5717 1549 5761 se
1564 5711 1737 5775 consumptos
1749 5715 1805 5772 pu-
