4109 6325
149 341 201 396 titt
617 333 867 395 remittentes
886 339 980 400 ΔΝΝΟ
995 343 1064 410 ttv,
1080 345 1216 404 cittttS'tt
1234 346 1324 411 iilis
1729 363 1783 427 522

148 450 246 512 putant
272 443 389 513 gratius,
413 459 427 498 a
455 445 547 516 stipite
566 447 667 506 debent
688 453 829 524 incipere,
844 455 871 512 id
881 466 950 512 esta
964 462 989 520 Α
1003 463 1074 531 quod
1101 465 1162 534 qnia
1194 477 1275 524 teuto
1297 473 1422 541 exposuit
1449 474 1622 546 semetipsam
1647 481 1706 550 ipsa
1729 467 1781 545 sib¹

147 530 361 602 paretttibttstel
381 537 530 604 salutabit,
548 549 576 593 et
591 541 632 596 ⁸10
645 545 828 612 perordinem
844 547 940 604 distin·
990 557 1102 612 detlcrut
1117 572 1229 613 causum
1242 563 1347 628 mortis,
1364 573 1454 621 utrum
1471 567 1594 626 uidelicet
1616 587 1678 630 cttm
1708 593 1781 650 prae·
1865 639 1868 645 ,

147 622 349 690 prteregratlus,
359 623 514 680 nominibus
524 630 688 698 propriisuel
700 635 939 704 aequipollentibus
990 646 1084 702 dictus
1098 649 1249 705 monachus
1264 651 1300 706 sit
1317 655 1456 719 sacerdos,
1477 657 1557 714 liceat
1571 662 1595 717 ei
1608 669 1779 730 sacerdotale

148 713 259 768 indiciis
272 714 442 785 designando
458 729 602 785 personas,
624 725 776 791 praesertin
798 741 861 782 oum
888 742 939 782 sae-
990 734 1106 790 odicium
1118 752 1257 797 exercere.
1272 739 1328 798 Nos
1338 757 1403 816 ergo
1416 749 1464 803 tibi
1477 751 1566 808 taliter
1574 763 1780 834 respondemus,

147 807 207 876 pins
219 807 406 862 testimoninm
420 810 582 879 perbibeaut
607 814 640 870 de
657 815 763 884 auditu,
779 819 851 887 qnod
874 823 940 890 qnia
990 829 1063 897 qnod
1086 828 1151 885 iicet
1173 833 1323 888 monachus
1337 834 1396 904 ipse
1411 837 1555 900 detinuerit
1574 846 1694 906 alienum
1722 855 1781 913 oili-

147 899 240 952 minus
257 907 300 954 est
312 897 443 962 rubidum,
455 916 510 956 nou
525 912 568 958 est
582 904 609 958 in
623 907 739 962 articulo
750 908 938 977 hujuscemodi
991 915 1065 971 cium
1086 922 1243 992 usurpando
1254 924 1325 994 quod
1348 927 1400 982 sibi
1423 931 1534 989 utiunne
1562 946 1739 1012 congruebat,
1755 949 1778 1005 si

146 990 263 1044 „qmpgm
277 989 394 1045 quanda
411 989 540 1058 incultus,
555 1009 616 1050 cum
639 1012 692 1066 qua
711 1003 816 1057 ratione
827 1017 940 1072 compe·
992 1015 1084 1062 tamen
1100 1024 1182 1067 causa
1194 1013 1306 1084 pietatis
1316 1023 1344 1072 et
1367 1033 1421 1075 nou
1448 1024 1603 1093 cupiditatis
1628 1033 1655 1088 id
1669 1039 1734 1108 egit,
1752 1051 1781 1098 et

146 1081 280 1136 attonem
304 1082 456 1152 inciperent
476 1098 492 1138 a
512 1087 653 1151 secundo,
668 1090 764 1148 eadent
779 1092 814 1149 ab
826 1093 940 1150 ulterio-
991 1099 1096 1168 peritus
1110 1111 1170 1157 erat
1188 1104 1215 1159 in
1230 1109 1365 1165 exercitio
1375 1111 1534 1185 chirurgia,
1546 1134 1708 1197 omnemque
1720 1143 1780 1189 sttt-

145 1171 222 1227 ribus
239 1182 353 1241 possent
369 1175 499 1245 gradibus
514 1176 656 1235 inclmare.
673 1183 749 1254 (275)
763 1184 940 1258 Consequen—
990 1189 1050 1244 duit
1071 1190 1238 1264 diligentiam
1251 1213 1332 1268 quatu
1347 1199 1441 1258 debuit
1452 1207 1594 1278 adbibere,
1609 1231 1661 1272 nott
1679 1231 1721 1278 est
1743 1241 1779 1282 ex

146 1273 188 1317 m
201 1272 293 1319 numm
305 1266 437 1336 amm,
451 1278 482 1325 m
494 1285 557 1326 eum
572 1273 684 1344 quidm
696 1276 940 1349 mqummqqam.
990 1295 1025 1334 eu
1047 1284 1118 1350 quod
1133 1299 1182 1354 per
1195 1286 1301 1358 culpam
1315 1288 1437 1349 mulieris
1450 1307 1544 1354 contra
1561 1308 1704 1366 cottsiliutn
1720 1315 1778 1386 ejus

146 1353 209 1408 dam
225 1355 306 1410 amer
328 1358 458 1416 induem
479 1363 646 1431 „gqngsggg
662 1373 693 1420 „p
707 1367 760 1424 ,ppt
776 1372 940 1430 commisce.
989 1370 1090 1427 aceidit
1104 1372 1172 1430 adeo
1193 1378 1378 1448 reprobandus
1393 1385 1458 1454 quin
1474 1401 1535 1458 post
1561 1399 1777 1464 satisfactionem

147 1455 227 1497 retur
249 1446 400 1504 carnaliter
417 1449 469 1505 nisi
494 1451 673 1522 desponsaret
698 1457 838 1524 eamdent,
864 1461 939 1527 nulla
989 1461 1150 1534 condignam
1166 1481 1227 1522 cutn
1240 1484 1272 1526 eo
1283 1473 1498 1535 misericorditer
1512 1484 1555 1553 agi
1569 1489 1655 1554 possit
1682 1503 1712 1550 ut
1736 1499 1777 1553 di·

145 1533 322 1591 solemnitate
345 1538 467 1594 adbibita
493 1542 535 1597 vel
562 1543 677 1615 alicujus
701 1551 846 1616 praesentia
867 1552 939 1609 dixit
989 1554 1050 1607 tina
1065 1556 1316 1630 raleutcelebrare,
1340 1567 1461 1640 alioquin

144 1622 193 1690 ilii,
211 1623 382 1682 Telonnum
401 1629 553 1700 despumat,
568 1649 630 1690 curn
649 1637 707 1706 ipse
720 1637 839 1698 loannes
856 1644 937 1700 utini·

143 1727 353 1780 murmuretur,
378 1719 427 1771 sed
451 1719 529 1774 bttxit
548 1736 578 1777 se
602 1726 693 1779 uocari
715 1725 860 1796 loannem,
880 1749 932 1790 nott

142 1803 258 1858 cretlem
268 1819 329 1861 esse
341 1807 506 1878 conjugium,
520 1814 636 1882 eoquod
648 1815 707 1886 ipse
720 1833 775 1873 non
787 1832 934 1877 vocaretur
950 1803 972 1862 Β

143 1893 200 1949 boc
223 1896 346 1962 nomine,
367 1913 415 1954 nec
431 1899 542 1957 baberet
563 1908 731 1975 propositum
753 1915 935 1971 contrahendi

141 1984 194 2038 sed
208 1986 335 2054 copulam
350 1997 450 2044 tantum
477 1998 659 2064 extorquendi
675 2001 826 2068 carnalem,
841 2014 933 2062 utrum

140 2075 218 2130 iuter
231 2077 372 2145 praedictos
382 2079 418 2134 sit
433 2083 635 2140 matrimonium
656 2088 822 2146 celebratum
838 2135 847 2159 ,
871 2109 934 2152 eunt

141 2163 246 2219 mulier
258 2169 431 2224 consenserit
440 2180 468 2226 et
479 2176 632 2231 consentiat
646 2179 673 2232 in
683 2183 819 2251 eumdem,
842 2194 872 2241 et

139 2254 300 2311 dissenserit
312 2268 340 2312 et
354 2259 510 2329 dissentiat,
530 2281 581 2322 nec
593 2268 668 2325 aliud
681 2274 832 2345 quidquam
847 2281 935 2348 egerit
984 2290 1018 2344 ad

138 2359 223 2413 quatu
237 2350 311 2416 qnod
334 2352 461 2420 superius
474 2365 517 2411 est
538 2372 709 2430 expressum,
727 2366 779 2420 nisi
794 2371 866 2438 quod
886 2387 934 2427 co·
983 2395 1017 2435 eu

138 2439 233 2505 guerit
243 2440 379 2496 eamdem.
403 2444 491 2514 Super
513 2464 568 2516 quo
583 2449 749 2510 fraternitati

777 2467 830 2514 true
842 2460 933 2518 taliter

138 2715 248 2766 nomine
261 2714 363 2781 alieno,
379 2733 434 2786 qtto
450 2728 541 2777 tamen
554 2727 646 2780 vocari
666 2741 697 2782 se
714 2728 803 2786 btttit:
818 2743 846 2789 et
860 2735 931 2790 intur

137 2818 186 2859 eos
205 2805 326 2862 carnalis
348 2808 384 2863 sit
404 2812 499 2880 copula
523 2814 682 2888 subsecuta,
704 2820 845 2878 rideretur
859 2823 930 2880 lorte

137 2910 188 2964 pro
199 2897 326 2968 cottjugio
341 2904 572 2971 presumendum,
587 2907 641 2964 nisi
657 2918 685 2964 ιιι
701 2911 782 2967 nobis
796 2929 926 2986 expresse

139 2989 298 3064 scrtpsisses
318 2991 392 3060 quod
415 2992 460 3048 ille
481 3009 531 3051 nee
555 3002 696 3069 proposuit
715 3017 766 3058 nec
789 3007 929 3063 consensit

137 3077 214 3133 illant
225 3077 326 3133 ducere
338 3078 365 3133 in
377 3094 501 3150 uxorem,
523 3087 596 3154 quod
618 3088 735 3156 qualiter
757 3092 805 3146 tibi
827 3097 929 3150 consti·

136 3169 204 3223 terit
217 3184 271 3225 non
284 3171 419 3229 ridemus.
433 3174 489 3230 iios
501 3184 589 3233 umen
608 3180 672 3248 quid
686 3182 757 3253 iuris
771 3186 807 3240 sit
822 3189 924 3243 rescri-

134 3257 245 3327 bentes,
261 3262 310 3317 boc
324 3264 450 3328 dicimus,
462 3268 568 3335 quodsi
580 3284 625 3326 res
637 3270 674 3326 ita
686 3288 717 3329 se
734 3275 870 3340 babuerit,
885 3280 927 3332 si-

134 3352 237 3408 delicet
246 3355 318 3424 quud
329 3354 375 3412 ille
395 3370 446 3412 nec
467 3362 607 3427 proposuit
627 3376 687 3417 eam
701 3364 803 3423 ducere
816 3368 843 3423 in
858 3387 925 3426 uxo-

133 3457 194 3497 rem
208 3459 261 3499 nee
274 3461 388 3514 unquam
400 3452 549 3517 consensit,
561 3452 632 3508 iuter
642 3456 785 3522 praedictas
796 3474 925 3530 personas

132 3548 192 3587 non
208 3535 322 3589 deberet
338 3552 370 3591 ex
381 3538 426 3593 illo
441 3539 514 3596 iacto
529 3543 689 3612 conjugium
703 3545 832 3615 iudicari,
862 3567 924 3606 cnm

131 3621 162 3677 in
179 3636 214 3676 eo
229 3638 282 3678 nec
289 3626 434 3683 substantia
445 3631 598 3703 conjugalis
608 3643 765 3693 contractus
778 3654 829 3695 uec
839 3643 922 3698 ctiam

131 3711 223 3765 turma
237 3714 538 3791 contrabendiconjugii
555 3722 645 3779 ualeat
657 3726 782 3796 inveniri3
795 3733 924 3800 quoniam

131 3816 168 3857 ex
183 3803 271 3858 altera
287 3814 363 3874 parte
376 3808 456 3866 dolus
479 3812 649 3872 solummodo
670 3818 814 3885 adluit,¹et
838 3822 925 3880 deluit

131 3895 244 3949 omuino
260 3910 422 3965 consensus,
435 3901 494 3957 siue
507 3919 562 3974 quo
583 3916 683 3962 caetera
714 3920 854 3979 nequeunt
872 3912 924 3969 ιω·

133 3983 184 4038 dus
206 3984 342 4054 perlicere
363 3992 508 4064 eottjugaie
535 3995 622 4066 (etot.
650 3997 743 4056 'l'ertio
774 4004 923 4071 quusiristi

133 4078 208 4146 (ΞΠ)
225 4096 275 4151 per
290 4085 382 4141 sedem
397 4089 572 4155 apostolicam
582 4092 718 4160 explicari
737 4097 802 4165 quid
826 4097 863 4153 sit
889 4100 923 4155 de

131 4171 250 4237 quodam
280 4178 415 4230 monacho
426 4180 596 4235 sentiendum
610 4184 657 4253 qui
671 4186 786 4241 credens
797 4202 827 4242 se
843 4203 923 4259 posse

130 4259 276 4317 mulierem
311 4267 458 4332 quamdam
495 4274 650 4341 agutturis
676 4282 782 4333 tumore
813 4292 920 4348 muare,

132 4358 162 4402 ut
184 4352 359 4425 chirurgicus
392 4372 454 4413 cum
481 4358 554 4415 ierro
589 4370 721 4420 tumorem
753 4366 830 4422 ilium
855 4384 918 4439 ape·

131 4438 198 4504 ruit,
218 4449 247 4495 et
265 4457 328 4499 cunt
349 4453 438 4502 tentor
458 4448 504 4505 ilie
531 4450 727 4522 aliquantulum
754 4459 917 4528 recedisset,

130 4532 282 4587 monachus
292 4534 350 4603 ipse
370 4536 476 4594 ntulieii
491 4544 622 4613 praecepit
637 4560 713 4600 nese
727 4557 811 4604 tento
836 4565 920 4618 otpo-

128 4630 209 4674 neret
219 4620 274 4676 ullo
288 4627 378 4694 motio,
390 4642 423 4683 ne
434 4626 503 4685 iorte
516 4642 614 4689 tentus
625 4638 743 4702 gutturis
752 4640 918 4706 apertionem

128 4710 288 4771 subintrans
306 4718 358 4773 sibi
370 4735 482 4776 causam
495 4727 590 4781 mortis
608 4725 732 4791 interret,
750 4732 797 4785 scd
810 4732 916 4795 mulier,

128 4800 189 4869 cius
203 4806 332 4863 mandatu
348 4820 515 4883 contempto,
547 4818 611 4872 dum
637 4834 741 4876 messes
766 4822 919 4894 colligeret,

128 4905 213 4949 teuto
244 4912 275 4951 se
309 4904 436 4971 exposuit
459 4906 588 4972 incaute,
609 4918 638 4965 et
666 4911 706 4966 sie
726 4926 776 4982 per
799 4917 920 4983 apertio·

127 4998 192 5037 netu
221 4990 339 5055 gutturis
366 4994 477 5064 sanguis
502 4998 602 5053 multus
635 4998 749 5065 effluxit,
772 5011 802 5057 et
821 5005 919 5060 mulier

125 5074 200 5130 diem
234 5078 320 5134 linivit
333 5091 576 5157 extremumque
604 5099 696 5166 tamen
726 5093 850 5149 consessa
876 5105 919 5152 est

160 5315 238 5385 (275)
255 5318 323 5389 Cap.
339 5322 397 5378 Tea
411 5340 468 5389 nor,
489 5327 527 5380 ile
538 5330 657 5397 sponsal.
669 5340 696 5388 et
709 5336 828 5390 matrim.

160 5386 239 5455 (276)
255 5388 321 5460 Cap.
339 5392 396 5447 Tau
409 5410 466 5458 not,
488 5399 525 5453 De
541 5401 668 5455 bumieid.

154 5454 238 5593 ι(ΞΠ)
251 5458 281 5513 lu
301 5475 392 5529 quart.
412 5466 475 5521 coll.
505 5472 655 5538 apostolico
683 5473 753 5528 retiis
789 5492 913 5546 responso

119 5539 156 5578 es
186 5562 195 5578 .

162 5594 241 5665 (278)
253 5596 310 5655 lloe
325 5601 385 5659 loeo
400 5608 492 5661 statim
507 5617 569 5677 post
581 5610 724 5678 epistolam
738 5612 790 5669 tte
816 5630 914 5684 seque-

122 5664 233 5721 bantur
247 5672 368 5738 epistoloe
386 5674 446 5730 dua
469 5679 578 5746 scriptu
590 5680 623 5735 ad
637 5682 786 5751 capitulum
810 5684 912 5757 Lingo-

120 5748 212 5789 ueuse
224 5751 233 5799 ;
247 5740 295 5792 sed
309 5742 389 5810 isqui
403 5754 536 5815 regestum
550 5751 613 5805 anui
627 5765 672 5806 xttt
687 5758 851 5825 compesuit,
863 5758 913 5812 ud·

260 5832 396 5897 Partes.
423 5838 558 5903 ccxvi.

888 2187 935 2243 ille
984 2199 1136 2272 colluctari,
1152 2222 1206 2263 non
1221 2211 1309 2268 solum
1330 2216 1418 2286 ipsum

1486 1576 1671 1642 interdicenda
1697 1597 1775 1650 estei

987 1649 1165 1708 sacerdotalis
1177 1657 1280 1714 ordinis
1291 1665 1432 1723 exsecutio
1441 1669 1474 1724 de
1483 1672 1582 1744 rigore.
1598 1678 1638 1734 dd
1651 1683 1776 1746 ultimum

988 1751 1021 1792 ett
1035 1750 1113 1808 purte
1127 1752 1170 1800 tun
1186 1746 1237 1802 luit
1253 1755 1422 1824 propositum
1439 1775 1531 1820 eoram
1544 1769 1702 1844 nobisquud
1713 1783 1759 1850 qui
1774 1809 1778 1818 ·

987 1832 1049 1886 dant
1060 1834 1193 1894 scholaris
1209 1851 1343 1911 metuens,
1373 1864 1409 1906 ue
1424 1851 1544 1912 latrones
1556 1861 1581 1914 in
1595 1863 1713 1937 bospitio
1726 1887 1776 1928 suo

986 1933 1088 1990 essent,
1104 1941 1188 1995 parto
1201 1947 1343 2007 assumpto
1355 1940 1455 2010 gladio,
1469 1956 1498 2002 ut
1511 1950 1601 2019 ignem
1626 1972 1774 2035 quareret,

986 2015 1019 2068 de
1032 2024 1119 2073 strato
1132 2026 1260 2089 surrexit,
1274 2039 1301 2083 et
1312 2045 1371 2086 cunt
1441 2038 1448 2050 '

986 2120 1033 2161 rus
1051 2114 1314 2188 reperitibilurem,
1339 2127 1386 2193 qui
1410 2142 1472 2185 cum
1499 2136 1616 2195 scholari
1641 2145 1775 2218 incipiens

1446 2225 1599 2286 scholarem
1627 2245 1776 2306 prostrauit

1033 2299 1248 2358 terruannorum
1263 2305 1344 2359 etiam
1358 2324 1425 2378 pene
1443 2315 1478 2370 ad
1490 2328 1605 2376 mortem
1622 2327 1776 2390 uulnerauit

1020 2385 1122 2439 mdem.
1139 2387 1278 2448 scholaris
1293 2411 1355 2453 uero
1369 2414 1532 2471 prouocatus
1547 2416 1582 2468 ab
1597 2415 1655 2485 ilio,
1675 2423 1728 2480 ritu
1747 2427 1774 2484 ri

983 2472 1161 2534 incontinenti
1171 2485 1425 2553 repellens,extorto
1436 2497 1534 2558 latroni
1548 2505 1637 2576 gladio
1648 2517 1773 2576 eumdem

981 2761 1767 2850 cesccute,conscholareslatrottemqttnsierunteumdem

981 2859 1063 2914 quem
1079 2849 1251 2910 uulneratum
1265 2859 1404 2919 intentum
1417 2874 1547 2938 potestati
1565 2877 1697 2938 vicentiae
1715 2895 1773 2942 tra-

981 2936 1128 3009 alternum
1149 2957 1244 3002 coram
1256 2963 1307 3018 qua
1321 2966 1479 3015 constanter
1493 2979 1559 3036 nega
1573 2969 1587 3002 ι·

981 3026 1063 3082 missa
1076 3031 1188 3090 minime
1205 3049 1387 3108 perpetrarat.
1403 3046 1502 3106 Verum
1515 3056 1627 3121 praelata
1646 3074 1770 3132 potestas

981 3118 1015 3173 ad
1030 3123 1156 3179 eumdem
1175 3127 1330 3187 scholarem
1346 3153 1409 3195 suos
1424 3143 1535 3203 nuntios
1549 3150 1707 3221 destinarit,
1737 3170 1767 3217 ut

979 3228 1127 3284 exponeret
1140 3222 1163 3276 si
1178 3237 1231 3293 qua
1246 3226 1328 3283 sciret
1342 3231 1375 3286 de
1391 3233 1450 3289 inre
1463 3241 1603 3307 praedicto,
1616 3246 1659 3301 toi
1675 3254 1768 3311 trade-

978 3314 1021 3359 ret
1036 3306 1216 3382 intersignia;
1246 3318 1292 3386 qui
1320 3321 1457 3379 cultellum
1483 3343 1563 3399 quem
1591 3334 1641 3406 ipsi
1668 3338 1768 3400 latroni

981 3396 1144 3467 abstulerat,
1156 3411 1186 3458 et
1199 3407 1333 3464 sotulares
1346 3412 1380 3467 ab
1393 3417 1487 3472 eodem
1500 3419 1526 3475 iu
1542 3422 1625 3493 ipsius
1640 3428 1771 3491 demodi-

978 3488 1088 3557 missos,
1104 3495 1357 3563 qttosabstraxerat
1381 3506 1432 3560 sibi
1456 3524 1489 3564 ne
1512 3516 1610 3581 pedum
1635 3524 1768 3593 strepitus

977 3583 1132 3654 audiretur,
1145 3591 1250 3647 nuntiis
1265 3595 1378 3651 tradidit
1391 3606 1561 3674 memoratis,
1575 3624 1657 3681 super
1671 3618 1766 3675 eodem

977 3671 1052 3727 iacto
1065 3690 1094 3730 se
1109 3677 1176 3733 nihii
1191 3682 1308 3751 amplius
1321 3687 1516 3750 intromittens.
1534 3696 1658 3758 Potestas
1674 3706 1767 3778 itaque

978 3766 1095 3835 receptis
1112 3768 1212 3827 talibus
1230 3772 1406 3849 intersigniis,
1421 3782 1553 3843 latronem
1565 3795 1766 3861 apparitoribus

976 3856 1032 3911 suis
1047 3858 1156 3915 tradidit
1168 3865 1346 3932 puniendum,
1361 3874 1406 3940 qul
1418 3874 1470 3930 sibi
1499 3890 1680 3950 amputarunt
1695 3890 1762 3945 riri-

976 3947 1013 4003 lia
1024 3950 1156 4009 etoculos
1170 3969 1311 4013 eruerunt.
1327 3959 1408 4019 Latro
1424 3980 1489 4022 vero
1506 3984 1536 4026 se
1563 3974 1597 4029 ad
1628 3980 1764 4047 quoddam

975 4039 1135 4098 cenobium
1155 4046 1313 4117 transtulit;
1337 4060 1365 4106 et
1388 4055 1424 4109 ibi
1441 4072 1490 4127 per
1513 4061 1644 4132 triduum,
1673 4068 1715 4124 ira
1736 4085 1766 4129 et

974 4124 1067 4183 dolore
1079 4142 1232 4190 commotus
1246 4153 1296 4193 nce
1307 4150 1401 4207 potum
1416 4150 1531 4218 sumpsit
1548 4167 1597 4209 uec
1608 4156 1709 4224 cibutn,
1737 4172 1766 4219 et

972 4216 1012 4272 sio
1026 4218 1061 4272 de
1075 4221 1163 4277 medio
1175 4233 1217 4279 est
1230 4228 1396 4292 subtractus.
1414 4235 1490 4293 Unde
1504 4255 1555 4311 per
1580 4257 1702 4305 nostrum
1717 4268 1765 4323 pu-

972 4310 1058 4368 stulas
1068 4313 1207 4371 oraculum
1218 4319 1327 4378 edoceri
1342 4333 1432 4379 utrum
1443 4330 1572 4396 prelatus
1584 4338 1715 4397 scitolaris
1728 4346 1763 4401 ad

971 4418 1066 4460 sacros
1078 4408 1188 4465 ordines
1198 4412 1288 4467 ualeat
1301 4422 1468 4483 promoueri.
1479 4420 1534 4481 Nos
1549 4427 1633 4499 igitur
1647 4433 1763 4504 inquisi-

937 4494 1040 4559 ntioni
1057 4505 1108 4553 tuae
1126 4500 1220 4583 taliter
1247 4508 1455 4578 respondemus,
1486 4519 1558 4586 quod
1586 4523 1608 4576 si
1632 4526 1763 4591 praetatus

975 4587 1110 4645 scholaris
1120 4591 1208 4661 dignis
1231 4598 1337 4655 meritis
1365 4602 1519 4674 adjurantur,
1545 4610 1656 4681 piopter
1686 4628 1758 4685 prte-

973 4681 1105 4748 scriptum
1131 4693 1259 4740 eventum
1289 4704 1304 4743 a
1338 4696 1511 4764 susceptione
1531 4714 1670 4759 sacrorum
1688 4706 1761 4762 ordi·

972 4786 1037 4827 num
1052 4775 1206 4833 nuliatenus
1219 4784 1261 4830 est
1273 4786 1420 4842 arcendus.

1005 4867 1103 4925 bntttm
1132 4871 1269 4941 Laterani,
1292 4873 1383 4932 idibus
1407 4877 1559 4949 Februarii,
1579 4882 1757 4953 pontificatus

968 4962 1055 5018 nostri
1069 4976 1141 5019 auno
1155 4974 1254 5038 quarto
1268 4965 1373 5025 decimo
1387 4968 1471 5041 (278).

966 5340 1073 5397 tnonuit
1084 5341 1144 5399 illas
1157 5342 1294 5413 pertinere
1305 5346 1339 5401 atl
1351 5361 1451 5403 atinum
1463 5361 1633 5420 sequentem,
1645 5353 1672 5409 in
1683 5368 1758 5410 utar·

967 5412 1029 5479 gine
1045 5426 1138 5469 earum
1151 5414 1290 5471 ascribens
1304 5432 1399 5473 rocem
1414 5418 1517 5477 iactr.
1536 5422 1588 5479 Eas
1610 5434 1755 5495 propterea

968 5480 1010 5533 uir
1022 5481 1135 5537 illustris
1150 5482 1311 5541 Francisetts
1325 5486 1486 5557 Bttsqttetus,
1503 5494 1548 5563 qtti
1563 5494 1667 5564 primus
1682 5496 1755 5551 bunc

967 5550 1066 5607 librttttt
1082 5552 1176 5616 edidit,
1192 5554 1286 5623 rejecit
1300 5558 1509 5627 insequentem.
1527 5564 1600 5619 Sane
1622 5566 1648 5618 itt
1668 5566 1755 5621 ueteri

966 5622 1062 5677 codice
1087 5639 1137 5678 ms.
1168 5624 1337 5683 bibliolitecm
1361 5630 1542 5701 Coiltettinae,
1570 5634 1596 5689 itt
1622 5650 1678 5759 3⁰⁰
1708 5637 1756 5691 de

967 5692 1061 5761 scripti
1089 5702 1152 5748 sunt
1181 5696 1250 5750 tituli
1279 5698 1395 5759 istorum
1418 5714 1596 5773 regestorum,

966 5763 1133 5831 epistolant
1157 5766 1306 5837 capitulum
1325 5769 1494 5842 Lingonense
1518 5789 1571 5830 uon
1597 5774 1754 5833 reietuntur

1530 5869 1567 5929 17

1641 5720 1682 5761 ttae
1703 5704 1755 5760 ltin
1853 5747 1857 5759 ,
