4109 6325
256 312 308 375 85!
726 300 921 361 innocuum
942 299 980 357 tti·
994 298 1045 357 i‘P.
1066 296 1300 356 mestoubtt
1319 294 1384 357 ΗΒ.
1405 294 1476 353 dl'i.
1838 296 1897 355 ὣς

258 420 372 481 consilio
382 414 661 490 divinunpreocutts
672 412 975 483 timorcmirabentium,
985 411 1048 471 Sol·
1061 417 1087 475 Δ
1098 412 1143 485 qui
1159 413 1193 471 de
1202 427 1232 469 se
1246 412 1312 471 dicit
1327 413 1353 467 in
1364 409 1510 482 Evangelio
1525 423 1533 463 ε
1547 406 1648 467 Discite
1661 427 1678 465 e
1689 426 1730 465 ute
1743 410 1807 481 quin
1818 412 1891 470 muis

257 506 1051 581 danunnamnetetbabylonie,qutbaeredtntenqdtnri-
1098 522 1158 562 suns
1176 516 1202 561 et
1218 505 1326 563 bomilia
1351 503 1430 559 corde
1454 500 1565 570 (lintri.
1597 502 1648 571 st),
1676 503 1891 575 magnitudinem

256 605 290 662 sti
306 606 408 661 detinet
417 609 589 671 occupatam,
606 599 765 670 apostolicis
785 599 955 669 providimus
973 598 1047 655 litte·
1100 603 1173 653 tuam
1194 593 1332 651 humiliter
1354 592 1531 648 obsecramus
1554 599 1695 661 quatenus
1722 608 1757 649 uc
1778 608 1891 665 propter

257 698 297 753 ris
324 692 463 748 humiliter
494 690 715 761 praemonendum
748 692 897 746 secuudum
929 689 1046 747 iormam
1097 688 1244 745 rmlenmm
1272 687 1461 745 detentionem
1483 685 1605 757 prefatas
1627 693 1708 741 terra
1728 684 1891 755 plusndbue

254 781 448 853 quamiuipsis
462 779 561 837 litteris
575 779 855 851 ridebisespressam.
868 780 974 838 Namet
991 781 1049 838 dis·
1098 780 1254 839 effundatur
1277 779 1390 835 bomani
1419 778 1561 851 sanguinis
1586 793 1670 848 quam
1692 778 1825 835 hactenus
1847 790 1891 835 est

258 872 440 948 positionibus
473 874 576 929 nestris
607 871 722 939 auditis,
756 886 816 943 quae
854 872 957 928 utinam
984 888 1046 930 eum
1098 872 1227 938 affusum,
1241 872 1343 927 saniori
1359 878 1441 927 utens
1451 868 1566 927 consilio
1578 870 1709 926 restituas
1721 882 1783 925 eam
1799 870 1891 933 uobis.

258 974 370 1035 possent
388 964 500 1020 omnino
515 964 614 1029 latere.
637 963 761 1022 fortassis
779 964 953 1035 otunipoteus
969 963 1044 1022 Deus
1098 964 1133 1020 de
1156 960 1236 1030 cujus
1248 963 1416 1028 detentione,
1431 970 1532 1034 practer
1548 962 1656 1017 inanem
1677 960 1805 1033 gloriam,
1820 958 1892 1019 iorte

255 1056 378 1112 suumin
395 1070 456 1111 eum
481 1065 615 1113 terrorem
639 1056 816 1120 immittet‚et
832 1056 948 1128 benigue
965 1072 1046 1127 roga·
1098 1054 1158 1125 pius
1180 1054 1229 1109 tibi
1265 1053 1433 1111 didleultatis
1457 1069 1542 1125 quam
1575 1052 1703 1111 utilitatis
1731 1055 1895 1121 accrescit;,

258 1157 303 1204 tus
326 1148 450 1205 ostendet
465 1146 554 1203 iacere
566 1162 596 1203 se
609 1158 788 1219 spontaneum
805 1149 877 1219 quod
892 1150 960 1204 dure
971 1164 1047 1206 com·
1098 1146 1210 1219 ipsaque
1225 1147 1339 1213 reddita,
1351 1156 1380 1205 et
1391 1146 1512 1204 dimissis
1526 1147 1658 1217 atriaque
1670 1147 1800 1217 captiuis,
1813 1146 1898 1217 quie*

255 1240 348 1311 pulsus
364 1238 499 1295 iacturum
518 1254 548 1294 se
560 1248 667 1311 putaret
688 1240 813 1296 invituut.
827 1240 1047 1311 tinterntnnms
1097 1254 1206 1299 seanum
1223 1256 1238 1296 a
1262 1242 1364 1297 mutuis
1377 1239 1613 1311 impugnationum
1630 1238 1755 1307 odensis3
1772 1240 1808 1295 ita
1818 1240 1890 1309 quod

256 1342 284 1387 et
310 1330 471 1385 mandamus
491 1338 627 1399 quatenus
641 1345 703 1386 eum
730 1331 832 1388 nuntiis
855 1334 955 1389 nostris
971 1334 1046 1389 uiros
1098 1332 1170 1401 apud
1193 1341 1221 1388 ts
1245 1348 1299 1389 uou
1324 1333 1360 1388 sit
1383 1332 1506 1389 deterior
1529 1330 1654 1389 conditio
1678 1331 1767 1402 gentis
1791 1338 1892 1387 nostrae

257 1420 384 1491 pror-iulos
396 1427 424 1476 et
438 1418 531 1476 iideies
543 1418 577 1475 ad
590 1433 652 1475 eum
666 1418 750 1479 iacias
761 1421 903 1489 destinari,
915 1422 961 1492 qui
975 1424 1047 1493 apud
1098 1438 1179 1493 quam
1201 1424 1272 1493 apud
1293 1440 1343 1481 nos
1365 1432 1405 1481 est
1433 1424 1555 1481 conditio
1575 1423 1666 1495 geues
1688 1432 1750 1479 tue.
1775 1422 1891 1479 Latores

257 1516 346 1587 ipsum
375 1528 497 1574 nostrum
530 1514 656 1572 studeant
685 1530 845 1587 promovete
877 1518 1045 1574 mandatum.
1098 1529 1163 1586 ergo
1185 1516 1359 1585 presentium
1382 1518 1417 1571 ad
1441 1526 1515 1572 tunm
1536 1516 1708 1585 presentiam
1736 1516 1890 1571 destinatos

255 1607 366 1663 interim
394 1618 484 1664 autem
506 1608 698 1663 charissimum
720 1610 746 1663 in
763 1609 872 1665 Cirristo
891 1610 976 1665 lilium
998 1626 1047 1667 uo-
1098 1621 1227 1677 rogamus
1240 1616 1269 1663 ut
1282 1608 1397 1679 benigue
1405 1608 1539 1678 suscipias
1552 1616 1582 1665 et
1596 1608 1712 1663 boraeste
1725 1616 1895 1677 pertractes,

255 1707 341 1757 strum
368 1698 500 1756 loannem
523 1698 781 1775 lerosolymitauum
803 1716 894 1773 regem
915 1701 1046 1759 illustrem
1099 1697 1275 1769 dignumiilis
1292 1713 1456 1770 responsum
1470 1694 1787 1757 tribuenscumcoectu,

256 1799 283 1845 et
299 1800 352 1844 tatu
366 1789 511 1861 liospitaiis
525 1806 607 1861 quam
619 1792 722 1851 nurititite
733 1793 837 1866 Terupli
854 1795 963 1862 iratres,
981 1810 1045 1852 eum
1062 1753 1086 1814 B
1426 1828 1568 1887 mm

255 1881 404 1951 peregrinis
423 1883 528 1951 pariter
543 1893 570 1939 et
581 1884 714 1954 indigenis
728 1927 736 1950 ‚
750 1886 785 1941 ad
799 1885 987 1942 defensionem
1017 1894 1046 1943 et

255 1957 408 2027 e'ustodiam
431 1973 512 2045 hujus
538 1984 618 2030 terrac
642 1977 788 2046 prudenter
801 1990 912 2033 moneas
927 1984 954 2033 et
967 1977 1046 2033 indu.-

255 2074 320 2127 cas;
349 2076 384 2117 ue
407 2062 492 2133 qquod
505 2073 611 2120 auertat
625 2064 770 2136 Dominus)
790 2066 815 2120 ei
830 2067 978 2138 quidquam
998 2067 1048 2124 ad·

256 2152 329 2209 versi
356 2153 444 2209 ualeat
463 2154 582 2223 stertire,
597 2154 690 2211 diuino
712 2171 819 2227 semper
842 2158 944 2214 auxilio
967 2158 1048 2215 inuo-

255 2253 328 2303 eata.
356 2242 424 2313 Quia
450 2260 515 2302 uero
541 2256 612 2301 tuarn
639 2248 719 2305 uobis
745 2251 918 2317 praesentiam
937 2252 973 2305 ad
995 2250 1048 2305 boe

255 2339 376 2393 satutare
394 2340 562 2408 propositum
590 2340 793 2411 exsequendum
818 2339 896 2397 valde
909 2342 1047 2400 credimus
1135 2334 1176 2389 Et
1193 2342 1291 2389 vetiti·
1303 2332 1459 2404 ιιιθιῑιῐιΰὸ
1470 2332 1653 2402 litterisquod
1664 2348 1728 2389 ⁰⁸¹¹!
1743 2332 1895 2389 “diddilo-

256 2430 451 2497 ueeessariam,
463 2430 518 2489 imo
534 2430 738 2502 quammaxime
750 2432 928 2502 fructuosam,
947 2433 1047 2489 irater·
1099 2438 1162 2479 nem
1188 2425 1222 2481 (¹⁰
1242 2425 1408 2497 buibusdam
1423 2423 1579 2495 i'aebffldifl
1599 2423 1627 2479 5¹¹
1645 2424 1768 2481 Elelessli
1788 2425 1894 2481 ¹²ss10·

255 2520 368 2577 nitatem
385 2530 458 2577 tuam
475 2525 623 2595 rogandam
639 2525 766 2581 duximus
778 2534 805 2581 ec
819 2526 989 2594 monendam,
999 2542 1049 2597 „01
1098 2517 1176 2571 aeursi
1188 2516 1350 2573 vacantibus
1364 2518 1441 2572 uobis
1457 2514 1562 2572 duobus
1577 2523 1604 2571 et
1619 2512 1719 2572 diiceto
1733 2516 1788 2571 lilio
1801 2514 1893 2571 abbati

256 2612 405 2681 apostoliea
421 2613 474 2674 tibi
486 2615 587 2686 scripta
601 2617 762 2673 mandantes
775 2626 917 2687 quatenus,
934 2620 957 2674 si
970 2619 1049 2675 ride·
1098 2606 1132 2661 00
1155 2604 1325 2661 Tilembttdss
1337 2607 1499 2663 duxerimus
1519 2603 1781 2672 wtssfflilleddfflw
1801 2608 1895 2663 ”citi-

255 2703 294 2758 us
318 2718 397 2774 posse
410 2704 467 2760 ueri
480 2706 582 2775 ubsque
597 2707 672 2777 grau
684 2706 825 2779 dispendio
837 2718 917 2763 terre
932 2721 1048 2776 saincte,
1098 2696 1215 2754 diacono
1242 2709 1269 2755 u
1294 2701 1327 2755 A·
1343 2698 1471 2756 sutcertn
1497 2702 1630 2758 cmnutco
1654 2700 1892 2765 haionensium,

255 2794 398 2865 practixum
427 2800 461 2851 ad
490 2798 645 2855 universale
670 2800 818 2855 concilium
853 2800 1048 2857 celebrandum
1100 2790 1269 2849 inflantibus
1301 2792 1379 2849 vobit
1415 2792 1552 2860 du⁰b⁸¹⁸s
1585 2794 1667 2849 ῑθιῑῑῡ
1698 2808 1748 2863 prr
1784 2791 1894 2849 Ῑῑῑῑθῐῦδ

255 2902 337 2955 (puram
348 2887 404 2941 cito
418 2888 519 2957 poter-is
533 2901 641 2961 satagas
655 2891 800 2946 terminum
814 2894 981 2962 praeuenire,
998 2895 1051 2947 du·
1098 2893 1241 2949 excusato,
1256 2894 1288 2940 ut
1299 2884 1455 2941 mandatum
1469 2886 1648 2957 apostolieum
1662 2884 1898 2955 impleretis,pars

1097 1938 1193 1979 ffld'i'i
1209 1938 1242 1979 bs
1255 1936 1356 1978 bezeco
1369 1934 1552 1976 nliwiffidlssls
1568 1933 1710 1981 btoecests.
1723 1934 1759 1974 ΕΤ
1776 1934 1845 1974 ΕΗΒ
1859 1934 1893 1975 ett

1276 2029 1379 2070 dumeta
1393 2028 1583 2069 eseottsaesm
1599 2026 1740 2068 canonico.

1285 2127 1324 2185 be
1336 2126 1479 2182 collatione
1490 2127 1704 2196 prebendarum.

1296 2219 1445 2293 (Laterani,
1460 2236 1480 2275 ιι
1499 2217 1569 2276 Nou.
1584 2217 1681 2291 lumi.)

255 2992 320 3034 cens
336 2978 440 3047 aliquos
454 2978 525 3035 uiros
541 2988 629 3037 tecum
657 2981 684 3036 in
707 2983 822 3038 consilio
834 2985 1000 3054 providoset
1018 2984 1047 3040 in
1099 2974 1213 3047 capituli
1237 2976 1395 3031 facultatum
1421 2974 1639 3035 insufficientiam
1671 2976 1811 3047 attegarit.
1825 2990 1904 3047 pto·-

256 3070 405 3125 corrrtnisso
421 3070 535 3137 fideles,
552 3072 599 3141 qui
617 3072 695 3143 picue
711 3074 837 3130 noverint
863 3077 1084 3153 cinomanna-G
1101 3070 1202 3126 duccus
1216 3068 1392 3125 nibilominus
1403 3070 1539 3139 quoddam
1562 3069 1733 3142 privilegium
1749 3069 1836 3126 ieilcis
1849 3084 1895 3127 re-

256 3158 308 3216 tias
335 3175 478 3218 causarum
506 3172 534 3220 et
561 3179 671 3234 ιιιιιιιιλ
687 3174 838 3238 temporum
858 3176 886 3223 et
901 3167 1046 3226 locorum:
1099 3160 1268 3218 cordationis
1289 3158 1529 3230 dietarrdri'papas
1555 3158 1765 3230 predecessoris
1785 3160 1901 3224 uestri..

255 3251 356 3324 quibus
385 3254 505 3325 anulique
538 3256 764 3330 circumspectis,
792 3259 826 3313 ad
857 3260 1047 3316 liberationem
1100 3269 1150 3326 per
1166 3256 1239 3326 quud
1262 3253 1287 3308 ei
1310 3252 1453 3310 ridebatur
1471 3253 1758 3324 indultumueplures
1770 3256 1895 3324 recipere

257 3343 426 3400 lraercditatis
450 3345 599 3404 Dominicas
626 3349 720 3406 utilius
738 3351 879 3408 intendere
897 3351 1047 3407 ualeamus.
1099 3356 1262 3418 cogerentur
1285 3361 1368 3417 quant
1388 3351 1565 3415 suppeterent
1587 3344 1717 3402 Ecclesia
1735 3345 1892 3401 facultates.

256 3435 295 3490 Tu
318 3435 447 3507 denique,
469 3439 632 3496 venerabilis
647 3439 733 3497 irater
748 3443 776 3498 in
787 3443 897 3499 Christo
912 3484 920 3510 ,
939 3452 1047 3499 tuarum
1102 3437 1154 3494 llos
1169 3439 1290 3504 tantem.
1301 3438 1400 3494 auditis
1411 3438 1476 3493 bine
1487 3437 1552 3493 itudo
1564 3440 1720 3510 propositis,
1734 3439 1769 3494 de
1779 3454 1893 3494 assensu

256 3526 335 3584 uobis
352 3529 424 3598 apud
443 3528 625 3598 justissimum
646 3531 768 3602 judicem
782 3546 810 3590 et
827 3535 979 3606 piissimum
995 3533 1047 3590 i’a·
1099 3531 1217 3600 partium
1231 3529 1319 3600 ipsum
1338 3529 1475 3601 negotium
1497 3544 1560 3589 cum
1577 3531 1800 3587 attestationibus
1824 3545 1894 3600 nutas

257 3627 325 3673 trem
337 3621 491 3676 orationum
505 3621 644 3694 impertire
655 3623 887 3698 minimorumque
899 3626 1048 3696 plurimum
1100 3622 1133 3677 ed
1148 3621 1387 3692 presentationem
1400 3620 1511 3690 capituli
1527 3622 1668 3693 recepistis
1679 3622 1713 3678 tle
1722 3619 1891 3678 insufficien-

256 3705 419 3781 indigemus.
1100 3713 1136 3768 tia
1164 3712 1323 3768 facultatum
1339 3722 1368 3768 et
1392 3713 1558 3783 transcripto
1584 3715 1729 3768 memorati
1753 3714 1893 3786 privilegii

589 3827 718 3885 χχχιιι,
935 3827 942 3840 ·
1100 3806 1199 3862 vestris
1211 3804 1307 3877 sigillis
1321 3805 1434 3861 inclusis
1444 3805 1480 3861 ad
1495 3807 1591 3862 sedem
1611 3804 1789 3875 apostolicam
1810 3804 1893 3860 renni·

257 3951 345 3992 ιιοιιιιι
358 3953 422 3993 runo
438 3953 596 3995 senatumne
616 3955 734 3996 mantuo
753 3957 864 3998 onuusor
888 3959 922 3999 ιιι
935 3959 1049 4006 sesua·
1100 3900 1184 3956 Μ’
1198 3898 1266 3955 cum
1280 3905 1370 3954 ”nem
1381 3897 1459 3954 'mhi‘
1473 3897 1555 3953 Μ’
1565 3896 1741 3968 ”mmmm
1756 3896 1892 3968 ⁸¹¹9P¹⁵⁰ffi

358 4043 420 4092 ure,
440 4044 952 4093 atronesnturnruoumrsarauonss.
1170 4082 1177 4096 ,
1289 4081 1297 4094 ,
1374 4081 1428 4094 ,,
1738 4082 1744 4094 ,
1836 4080 1844 4095 ,

1101 4083 1254 4152 prouidere,
1271 4083 1429 4137 discretioni
1447 4089 1547 4137 restrae
1568 4095 1617 4150 per
1630 4081 1895 4151 apostolicascrrpta

1101 4175 1261 4230 mandamus
1273 4183 1416 4244 quatenus,
1432 4174 1560 4245 inquisite
1574 4189 1658 4245 super
1667 4172 1817 4244 premissis
1832 4172 1892 4243 ple-

298 4253 408 4311 baniele
433 4256 563 4326 propbeta
587 4266 716 4329 testante,
742 4260 887 4318 didicimus
905 4265 978 4336 quod
1005 4275 1050 4322 cst
1101 4269 1162 4326 nius
1176 4267 1357 4335 scritatc,·de
1372 4266 1499 4322 omatibus
1515 4265 1559 4323 rei
1578 4266 1719 4336 aliquibus
1732 4265 1894 4336 praebenda·

260 4341 329 4396 iterus
354 4342 381 4396 in
405 4338 484 4410 curib,
508 4345 553 4412 qui
577 4346 681 4402 revelat
704 4352 844 4418 eupatoria,
861 4359 949 4408 nrutm
976 4362 1049 4409 tem·
1102 4375 1160 4414 rum
1175 4359 1282 4414 iliarum
1294 4360 1444 4415 secundum
1459 4360 1602 4417 facultates
1620 4357 1749 4416 iieclesiae
1759 4357 1898 4413 ordinetis

258 4449 335 4501 pura,
363 4441 390 4488 et
420 4432 549 4490 transient
577 4452 672 4508 regna,
691 4449 720 4496 ut
742 4442 860 4498 uniuersi
880 4454 1047 4514 cognoscant
1063 4430 1086 4485 ὓ
1096 4451 1172 4520 juxta
1199 4466 1309 4506 cursura
1339 4451 1366 4506 in
1380 4450 1548 4508 xantonensi
1569 4451 1691 4509 Ecclesia
1713 4459 1892 4507 consuetum·

257 4521 329 4595 quod
343 4524 498 4582 dominatur
512 4526 644 4585 Eteclsus
656 4530 682 4586 iu
698 4546 783 4605 reguo
800 4533 952 4601 bominum,
962 4543 989 4590 et
1004 4535 1047 4591 eui
1099 4539 1212 4606 Quodsi
1228 4540 1298 4597 iorte
1311 4541 1344 4596 de
1366 4541 1493 4597 omnibus
1504 4540 1546 4596 uel
1560 4541 1696 4611 aliquibus
1713 4537 1896 4610 nequiveritis

257 4616 372 4673 uoluerit
387 4617 463 4674 dabit
481 4619 558 4675 iilud.
578 4621 635 4678 iioe
652 4634 744 4681 autem
768 4625 911 4683 euidenter
925 4627 1048 4684 ostendit
1099 4633 1236 4699 ordinare,
1261 4630 1459 4688 ordinationem
1485 4632 1575 4704 ipsam
1602 4647 1692 4702 usque
1717 4630 1754 4686 ad
1783 4639 1893 4700 tempus

256 4711 365 4782 quaudo
379 4711 531 4771 Jerusalem
550 4725 578 4772 ct
592 4717 661 4774 lines
682 4718 768 4787 ipsius
793 4719 819 4774 in
837 4734 935 4775 manus
953 4719 1048 4776 fratris
1100 4722 1208 4780 concilii
1223 4721 1369 4789 differatis3
1392 4723 1506 4793 praelato
1522 4722 1646 4794 capitulo
1665 4721 1844 4793 injungentes
1862 4728 1895 4775 ut

257 4805 295 4861 ¹¹¹5
321 4805 390 4861 “³¹¹5
406 4806 541 4876 permissi·
555 4823 609 4863 ⁰⁰¹¹
623 4819 679 4864 tam
696 4817 807 4880 btvblet
832 4809 891 4880 eius
917 4811 1047 4867 virtutem
1100 4825 1165 4872 trane
1179 4815 1288 4871 nuntios
1306 4816 1424 4876 mittant,
1442 4817 1476 4870 nd
1496 4825 1621 4871 nostram
1638 4815 1814 4886 praesentiam
1827 4827 1893 4883 spe·

256 4914 338 4969 quum
368 4909 481 4970 propter
510 4897 642 4958 otlcusam
672 4902 763 4973 popuii
790 4900 938 4958 Christiani
963 4903 1049 4959 Deum
1101 4907 1194 4972 ciuica,
1212 4922 1295 4978 super
1313 4909 1366 4963 ltoc
1380 4907 1539 4962 mandatum
1562 4889 1742 4975 apostolicum
1763 4913 1894 4974 receptu·

257 4992 344 5061 ipsum
359 4991 392 5047 ad
408 4991 577 5050 iraeumiinm
592 4995 775 5063 provocantis.
798 4991 876 5051 Nunc
898 5001 989 5050 nutem
1014 4995 1048 5051 ad
1101 5013 1157 5055 ros.
1173 4999 1259 5056 Nullis
1272 4999 1370 5055 litteris
1382 4997 1491 5054 ueritati
1510 5006 1539 5053 et
1554 4997 1670 5066 inmitia
1685 4993 1893 5066 praejudicanti-

255 5081 331 5138 ilium
345 5084 469 5141 conuersi
495 5099 638 5157 speramus
653 5088 725 5158 quod
743 5087 801 5159 ipse
812 5087 987 5144 miserebatur
999 5102 1050 5143 no·
1099 5087 1161 5158 bus,
1177 5100 1233 5146 ete.
1249 5089 1288 5145 Tu
1304 5089 1430 5160 denique,
1444 5088 1481 5143 iili
1499 5088 1596 5157 abbas,
1615 5097 1739 5159 superte
1753 5087 1826 5159 ipso,
1838 5095 1893 5141 ete.

256 5175 319 5240 stri.
335 5175 381 5247 qui
395 5178 546 5234 secuudum
561 5176 725 5250 Propbetam
747 5195 809 5236 cum
824 5179 910 5237 iraturs
922 5189 975 5247 est,
992 5194 1046 5235 nou
1135 5182 1232 5237 battun
1249 5179 1388 5248 Laterani,
1404 5195 1423 5236 u
1438 5178 1508 5235 Non.
1521 5177 1606 5246 lunii,
1618 5175 1791 5250 pontideattss
1805 5172 1895 5236 ιιιιιτὶ

255 5265 427 5322 obliviscitur
448 5265 585 5327 misereri.
605 5267 684 5326 liudo
701 5269 775 5326 iilum
802 5269 905 5328 imitari
923 5269 1047 5326 volentes
1099 5285 1171 5327 auum
1186 5285 1241 5328 ιιι.

340 4139 466 4210 Ejusdem
491 4143 546 4213 fere
573 4147 721 4216 argumenti
742 4162 803 4202 eunt
823 4150 974 4220 superiore.¹

1101 4003 1158 4049 tum
1188 4000 1221 4048 ιιι
1244 3991 1392 4048 seeundum
1416 3991 1469 4046 boc
1495 3989 1674 4062 dignaremur
1699 3989 1738 4044 iili
1763 3988 1902 4045 Ecclesias-

1908 361 1917 407 l
