<?xml version="1.0" encoding="UTF-8"?>
<!DOCTYPE html PUBLIC "-//W3C//DTD XHTML 1.0 Transitional//EN"
    "http://www.w3.org/TR/xhtml1/DTD/xhtml1-transitional.dtd">
<html xmlns="http://www.w3.org/1999/xhtml" xml:lang="en" lang="en">
 <head>
  <title>
</title>
<meta http-equiv="Content-Type" content="text/html;charset=utf-8" />
  <meta name='ocr-system' content='tesseract 3.04.00' />
  <meta name='ocr-capabilities' content='ocr_page ocr_carea ocr_par ocr_line ocrx_word'/>
</head>
<body>
  <div class='ocr_page' id='page_1' title='image "./patrologiaecurs00berngoog/patrologiaecurs00berngoog_0362.png"; bbox 0 0 4109 6325; ppageno 0'>
   <div class='ocr_carea' id='block_1_1' title="bbox 250 281 1885 357">
    <p class='ocr_par' dir='ltr' id='par_1_1' title="bbox 250 281 1885 357">
     <span class='ocr_line' id='line_1_1' title="bbox 250 281 1885 357; baseline -0.003 -13"><span class='ocrx_word' id='word_1_1' title='bbox 250 288 302 345; x_wconf 72' lang='lat' dir='ltr'>til</span> <span class='ocrx_word' id='word_1_2' title='bbox 712 282 905 341; x_wconf 77' lang='lat' dir='ltr'>tnbbcertrtl</span> <span class='ocrx_word' id='word_1_3' title='bbox 922 281 955 337; x_wconf 90' lang='lat' dir='ltr'>ill</span> <span class='ocrx_word' id='word_1_4' title='bbox 973 281 1025 337; x_wconf 83' lang='grc' dir='ltr'>ΡΡ.</span> <span class='ocrx_word' id='word_1_5' title='bbox 1045 283 1281 341; x_wconf 76' lang='lat' dir='ltr'>REGESTORUM</span> <span class='ocrx_word' id='word_1_6' title='bbox 1299 283 1361 341; x_wconf 84' lang='lat' dir='ltr'>tle.</span> <span class='ocrx_word' id='word_1_7' title='bbox 1381 284 1439 341; x_wconf 78' lang='lat' dir='ltr'>xl.</span> <span class='ocrx_word' id='word_1_8' title='bbox 1831 297 1885 357; x_wconf 72' lang='lat' dir='ltr'>m</span> 
     </span>
    </p>
   </div>
   <div class='ocr_carea' id='block_1_2' title="bbox 192 399 1888 5797">
    <p class='ocr_par' dir='ltr' id='par_1_2' title="bbox 192 399 1888 5797">
     <span class='ocr_line' id='line_1_2' title="bbox 248 399 1885 479; baseline -0.001 -15"><span class='ocrx_word' id='word_1_9' title='bbox 248 416 294 464; x_wconf 85' lang='lat' dir='ltr'>cat</span> <span class='ocrx_word' id='word_1_10' title='bbox 305 406 454 474; x_wconf 88' lang='lat' dir='ltr'>annuatim,</span> <span class='ocrx_word' id='word_1_11' title='bbox 466 402 670 473; x_wconf 84' lang='lat' dir='ltr'>eloetiugenlas</span> <span class='ocrx_word' id='word_1_12' title='bbox 687 400 770 458; x_wconf 89' lang='lat' dir='ltr'>libras</span> <span class='ocrx_word' id='word_1_13' title='bbox 780 417 848 473; x_wconf 89' lang='lat' dir='ltr'>quas</span> <span class='ocrx_word' id='word_1_14' title='bbox 868 402 900 457; x_wconf 88' lang='lat' dir='ltr'>de</span> <span class='ocrx_word' id='word_1_15' title='bbox 921 400 1038 471; x_wconf 87' lang='lat' dir='ltr'>quodam</span> <span class='ocrx_word' id='word_1_16' title='bbox 1053 403 1077 465; x_wconf 76' lang='grc' dir='ltr'><strong>Α</strong></span> <span class='ocrx_word' id='word_1_17' title='bbox 1091 400 1159 455; x_wconf 90' lang='lat' dir='ltr'>catis</span> <span class='ocrx_word' id='word_1_18' title='bbox 1172 400 1216 470; x_wconf 91' lang='lat' dir='ltr'>qui</span> <span class='ocrx_word' id='word_1_19' title='bbox 1229 409 1339 474; x_wconf 90' lang='lat' dir='ltr'>propter</span> <span class='ocrx_word' id='word_1_20' title='bbox 1362 400 1415 457; x_wconf 89' lang='lat' dir='ltr'>boc</span> <span class='ocrx_word' id='word_1_21' title='bbox 1429 399 1531 456; x_wconf 88' lang='lat' dir='ltr'>luerint</span> <span class='ocrx_word' id='word_1_22' title='bbox 1544 402 1692 469; x_wconf 85' lang='lat' dir='ltr'>evocandi,</span> <span class='ocrx_word' id='word_1_23' title='bbox 1708 402 1818 475; x_wconf 86' lang='lat' dir='ltr'>plenam</span> <span class='ocrx_word' id='word_1_24' title='bbox 1833 406 1885 479; x_wconf 83' lang='lat' dir='ltr'>ipsi</span> 
     </span>
     <span class='ocr_line' id='line_1_3' title="bbox 250 492 1887 570; baseline 0.001 -14"><span class='ocrx_word' id='word_1_25' title='bbox 250 505 391 570; x_wconf 74' lang='lat' dir='ltr'>receperat</span> <span class='ocrx_word' id='word_1_26' title='bbox 418 493 573 551; x_wconf 85' lang='lat' dir='ltr'>molendino</span> <span class='ocrx_word' id='word_1_27' title='bbox 599 492 717 549; x_wconf 92' lang='lat' dir='ltr'>alienato</span> <span class='ocrx_word' id='word_1_28' title='bbox 743 492 770 548; x_wconf 93' lang='lat' dir='ltr'>in</span> <span class='ocrx_word' id='word_1_29' title='bbox 790 506 929 549; x_wconf 81' lang='lat' dir='ltr'>enormem</span> <span class='ocrx_word' id='word_1_30' title='bbox 956 492 1040 563; x_wconf 90' lang='lat' dir='ltr'>ipsius</span> <span class='ocrx_word' id='word_1_31' title='bbox 1091 492 1392 565; x_wconf 88' lang='lat' dir='ltr'>episcopodelendeudi</span> <span class='ocrx_word' id='word_1_32' title='bbox 1417 492 1523 562; x_wconf 91' lang='lat' dir='ltr'>copiam</span> <span class='ocrx_word' id='word_1_33' title='bbox 1548 492 1688 561; x_wconf 86' lang='lat' dir='ltr'>tribuatis,</span> <span class='ocrx_word' id='word_1_34' title='bbox 1711 505 1738 552; x_wconf 91' lang='lat' dir='ltr'>et</span> <span class='ocrx_word' id='word_1_35' title='bbox 1752 496 1887 557; x_wconf 82' lang='lat' dir='ltr'>iacientes</span> 
     </span>
     <span class='ocr_line' id='line_1_4' title="bbox 192 582 1886 661; baseline -0.002 -13"><span class='ocrx_word' id='word_1_36' title='bbox 192 613 197 623; x_wconf 85' lang='lat'><em>·</em></span> <span class='ocrx_word' id='word_1_37' title='bbox 250 590 378 648; x_wconf 82' lang='lat' dir='ltr'>Ecclesiae</span> <span class='ocrx_word' id='word_1_38' title='bbox 391 582 738 655; x_wconf 74' lang='lat' dir='ltr'>lesioneml’mplerquod</span> <span class='ocrx_word' id='word_1_39' title='bbox 753 586 823 643; x_wconf 92' lang='lat' dir='ltr'>idem</span> <span class='ocrx_word' id='word_1_40' title='bbox 835 586 938 657; x_wconf 89' lang='lat' dir='ltr'>legatos</span> <span class='ocrx_word' id='word_1_41' title='bbox 951 586 1040 657; x_wconf 86' lang='lat' dir='ltr'>ipsum</span> <span class='ocrx_word' id='word_1_42' title='bbox 1080 584 1213 643; x_wconf 78' lang='lat' dir='ltr'>exhiberi</span> <span class='ocrx_word' id='word_1_43' title='bbox 1232 584 1309 641; x_wconf 86' lang='lat' dir='ltr'>robis</span> <span class='ocrx_word' id='word_1_44' title='bbox 1333 584 1537 655; x_wconf 75' lang='lat' dir='ltr'>inquisitionem</span> <span class='ocrx_word' id='word_1_45' title='bbox 1558 584 1658 643; x_wconf 69' lang='lat' dir='ltr'>lacurn</span> <span class='ocrx_word' id='word_1_46' title='bbox 1678 603 1727 661; x_wconf 92' lang='lat' dir='ltr'>per</span> <span class='ocrx_word' id='word_1_47' title='bbox 1742 589 1886 661; x_wconf 81' lang='lat' dir='ltr'>pralatuua</span> 
     </span>
     <span class='ocr_line' id='line_1_5' title="bbox 251 675 1886 752; baseline 0 -14"><span class='ocrx_word' id='word_1_48' title='bbox 251 684 354 738; x_wconf 82' lang='lat' dir='ltr'>babens</span> <span class='ocrx_word' id='word_1_49' title='bbox 367 682 401 737; x_wconf 93' lang='lat' dir='ltr'>de</span> <span class='ocrx_word' id='word_1_50' title='bbox 411 680 603 749; x_wconf 86' lang='lat' dir='ltr'>dilapidatione</span> <span class='ocrx_word' id='word_1_51' title='bbox 622 686 775 751; x_wconf 87' lang='lat' dir='ltr'>suspectum</span> <span class='ocrx_word' id='word_1_52' title='bbox 786 720 794 746; x_wconf 89' lang='lat'>,</span> <span class='ocrx_word' id='word_1_53' title='bbox 807 678 930 734; x_wconf 87' lang='lat' dir='ltr'>eumdem</span> <span class='ocrx_word' id='word_1_54' title='bbox 944 692 959 731; x_wconf 94' lang='lat' dir='ltr'>a</span> <span class='ocrx_word' id='word_1_55' title='bbox 973 687 1041 733; x_wconf 89' lang='lat' dir='ltr'>tem·</span> <span class='ocrx_word' id='word_1_56' title='bbox 1090 676 1274 733; x_wconf 81' lang='lat' dir='ltr'>blbauensem</span> <span class='ocrx_word' id='word_1_57' title='bbox 1288 675 1425 743; x_wconf 86' lang='lat' dir='ltr'>eloctum,</span> <span class='ocrx_word' id='word_1_58' title='bbox 1440 684 1495 733; x_wconf 87' lang='lat' dir='ltr'>tant</span> <span class='ocrx_word' id='word_1_59' title='bbox 1518 676 1605 747; x_wconf 88' lang='lat' dir='ltr'>ipsam</span> <span class='ocrx_word' id='word_1_60' title='bbox 1622 693 1704 749; x_wconf 89' lang='lat' dir='ltr'>quam</span> <span class='ocrx_word' id='word_1_61' title='bbox 1714 679 1788 741; x_wconf 86' lang='lat' dir='ltr'>illam</span> <span class='ocrx_word' id='word_1_62' title='bbox 1803 698 1886 752; x_wconf 88' lang='lat' dir='ltr'>qnam</span> 
     </span>
     <span class='ocr_line' id='line_1_6' title="bbox 253 764 1887 844; baseline 0.002 -17"><span class='ocrx_word' id='word_1_63' title='bbox 253 772 383 843; x_wconf 87' lang='lat' dir='ltr'>puralium</span> <span class='ocrx_word' id='word_1_64' title='bbox 400 772 634 829; x_wconf 67' lang='lat' dir='ltr'>administratione</span> <span class='ocrx_word' id='word_1_65' title='bbox 645 772 798 844; x_wconf 84' lang='lat' dir='ltr'>suspendit,</span> <span class='ocrx_word' id='word_1_66' title='bbox 811 770 970 841; x_wconf 91' lang='lat' dir='ltr'>quibusdam</span> <span class='ocrx_word' id='word_1_67' title='bbox 984 768 1041 824; x_wconf 93' lang='lat' dir='ltr'>col·</span> <span class='ocrx_word' id='word_1_68' title='bbox 1091 764 1149 825; x_wconf 81' lang='lat' dir='ltr'>deri</span> <span class='ocrx_word' id='word_1_69' title='bbox 1162 766 1227 824; x_wconf 88' lang='lat' dir='ltr'>lecit</span> <span class='ocrx_word' id='word_1_70' title='bbox 1237 766 1409 840; x_wconf 85' lang='lat' dir='ltr'>supradictus</span> <span class='ocrx_word' id='word_1_71' title='bbox 1422 768 1564 841; x_wconf 90' lang='lat' dir='ltr'>episcopus</span> <span class='ocrx_word' id='word_1_72' title='bbox 1577 767 1773 829; x_wconf 76' lang='lat' dir='ltr'>Cremonensis</span> <span class='ocrx_word' id='word_1_73' title='bbox 1784 777 1887 831; x_wconf 81' lang='lat' dir='ltr'>erami-</span> 
     </span>
     <span class='ocr_line' id='line_1_7' title="bbox 253 859 1885 938; baseline 0.003 -21"><span class='ocrx_word' id='word_1_74' title='bbox 253 862 399 919; x_wconf 89' lang='lat' dir='ltr'>lationibns</span> <span class='ocrx_word' id='word_1_75' title='bbox 424 862 630 933; x_wconf 69' lang='lat' dir='ltr'>praebendarum</span> <span class='ocrx_word' id='word_1_76' title='bbox 649 874 676 921; x_wconf 91' lang='lat' dir='ltr'>cl</span> <span class='ocrx_word' id='word_1_77' title='bbox 699 862 913 920; x_wconf 81' lang='lat' dir='ltr'>institutionibus</span> <span class='ocrx_word' id='word_1_78' title='bbox 927 876 996 932; x_wconf 84' lang='lat' dir='ltr'>quas</span> <span class='ocrx_word' id='word_1_79' title='bbox 1011 860 1040 918; x_wconf 90' lang='lat' dir='ltr'>in</span> <span class='ocrx_word' id='word_1_80' title='bbox 1092 859 1163 913; x_wconf 87' lang='lat' dir='ltr'>netis</span> <span class='ocrx_word' id='word_1_81' title='bbox 1176 859 1374 931; x_wconf 78' lang='lat' dir='ltr'>perspicaciter</span> <span class='ocrx_word' id='word_1_82' title='bbox 1387 869 1412 915; x_wconf 92' lang='lat' dir='ltr'>et</span> <span class='ocrx_word' id='word_1_83' title='bbox 1425 859 1585 931; x_wconf 90' lang='lat' dir='ltr'>prudenter,</span> <span class='ocrx_word' id='word_1_84' title='bbox 1606 870 1634 918; x_wconf 90' lang='lat' dir='ltr'>ct</span> <span class='ocrx_word' id='word_1_85' title='bbox 1648 878 1710 933; x_wconf 83' lang='lat' dir='ltr'>qnae</span> <span class='ocrx_word' id='word_1_86' title='bbox 1724 880 1806 937; x_wconf 85' lang='lat' dir='ltr'>super</span> <span class='ocrx_word' id='word_1_87' title='bbox 1816 882 1885 938; x_wconf 83' lang='lat' dir='ltr'>prar-</span> 
     </span>
     <span class='ocr_line' id='line_1_8' title="bbox 251 950 1886 1035; baseline 0 -22"><span class='ocrx_word' id='word_1_88' title='bbox 251 956 392 1013; x_wconf 80' lang='lat' dir='ltr'>&#39;l&#39;crrisina</span> <span class='ocrx_word' id='word_1_89' title='bbox 420 956 540 1014; x_wconf 79' lang='lat' dir='ltr'>Ecclesia</span> <span class='ocrx_word' id='word_1_90' title='bbox 559 958 592 1013; x_wconf 91' lang='lat' dir='ltr'>de</span> <span class='ocrx_word' id='word_1_91' title='bbox 613 958 675 1014; x_wconf 84' lang='lat' dir='ltr'>iuliis</span> <span class='ocrx_word' id='word_1_92' title='bbox 700 954 994 1013; x_wconf 77' lang='lat' dir='ltr'>excommunicatorum</span> <span class='ocrx_word' id='word_1_93' title='bbox 1013 960 1041 1011; x_wconf 93' lang='lat' dir='ltr'>et</span> <span class='ocrx_word' id='word_1_94' title='bbox 1092 950 1222 1007; x_wconf 87' lang='lat' dir='ltr'>missiset</span> <span class='ocrx_word' id='word_1_95' title='bbox 1235 952 1492 1035; x_wconf 88' lang='lat' dir='ltr'>aliiscoramrobis</span> <span class='ocrx_word' id='word_1_96' title='bbox 1508 955 1648 1025; x_wconf 88' lang='lat' dir='ltr'>proposita</span> <span class='ocrx_word' id='word_1_97' title='bbox 1663 955 1766 1013; x_wconf 84' lang='lat' dir='ltr'>luerint</span> <span class='ocrx_word' id='word_1_98' title='bbox 1779 958 1886 1029; x_wconf 83' lang='lat' dir='ltr'>plenius</span> 
     </span>
     <span class='ocr_line' id='line_1_9' title="bbox 251 1039 1884 1121; baseline 0.004 -19"><span class='ocrx_word' id='word_1_99' title='bbox 251 1048 313 1103; x_wconf 86' lang='lat' dir='ltr'>aliie</span> <span class='ocrx_word' id='word_1_100' title='bbox 327 1048 453 1117; x_wconf 89' lang='lat' dir='ltr'>personis</span> <span class='ocrx_word' id='word_1_101' title='bbox 467 1049 557 1105; x_wconf 86' lang='lat' dir='ltr'>rniuus</span> <span class='ocrx_word' id='word_1_102' title='bbox 571 1048 676 1104; x_wconf 85' lang='lat' dir='ltr'>idoneis</span> <span class='ocrx_word' id='word_1_103' title='bbox 693 1049 818 1103; x_wconf 91' lang='lat' dir='ltr'>eumdem</span> <span class='ocrx_word' id='word_1_104' title='bbox 833 1046 973 1104; x_wconf 82' lang='lat' dir='ltr'>asserebat</span> <span class='ocrx_word' id='word_1_105' title='bbox 988 1046 1041 1102; x_wconf 92' lang='lat' dir='ltr'>illi·</span> <span class='ocrx_word' id='word_1_106' title='bbox 1064 1101 1066 1104; x_wconf 75' lang='grc'><strong>,</strong></span> <span class='ocrx_word' id='word_1_107' title='bbox 1091 1039 1254 1108; x_wconf 86' lang='lat' dir='ltr'>intellectis,</span> <span class='ocrx_word' id='word_1_108' title='bbox 1268 1042 1302 1097; x_wconf 91' lang='lat' dir='ltr'>ad</span> <span class='ocrx_word' id='word_1_109' title='bbox 1316 1044 1479 1101; x_wconf 87' lang='lat' dir='ltr'>canonicam</span> <span class='ocrx_word' id='word_1_110' title='bbox 1490 1048 1654 1103; x_wconf 86' lang='lat' dir='ltr'>sententiam</span> <span class='ocrx_word' id='word_1_111' title='bbox 1677 1049 1884 1121; x_wconf 78' lang='lat' dir='ltr'>proterendam,</span> 
     </span>
     <span class='ocr_line' id='line_1_10' title="bbox 250 1130 1885 1215; baseline 0.001 -20"><span class='ocrx_word' id='word_1_112' title='bbox 250 1140 304 1195; x_wconf 87' lang='lat' dir='ltr'>cite</span> <span class='ocrx_word' id='word_1_113' title='bbox 327 1146 476 1195; x_wconf 80' lang='lat' dir='ltr'>attentasse</span> <span class='ocrx_word' id='word_1_114' title='bbox 499 1138 606 1209; x_wconf 83' lang='lat' dir='ltr'>pertitus</span> <span class='ocrx_word' id='word_1_115' title='bbox 635 1138 759 1194; x_wconf 88' lang='lat' dir='ltr'>irritatis.</span> <span class='ocrx_word' id='word_1_116' title='bbox 783 1138 859 1195; x_wconf 80' lang='lat' dir='ltr'>Urnis</span> <span class='ocrx_word' id='word_1_117' title='bbox 878 1152 929 1193; x_wconf 88' lang='lat' dir='ltr'>nos</span> <span class='ocrx_word' id='word_1_118' title='bbox 951 1136 1040 1193; x_wconf 89' lang='lat' dir='ltr'>eidem</span> <span class='ocrx_word' id='word_1_119' title='bbox 1091 1130 1114 1187; x_wconf 85' lang='lat' dir='ltr'>si</span> <span class='ocrx_word' id='word_1_120' title='bbox 1130 1130 1164 1187; x_wconf 91' lang='lat' dir='ltr'>dc</span> <span class='ocrx_word' id='word_1_121' title='bbox 1178 1130 1263 1201; x_wconf 89' lang='lat' dir='ltr'>ipsios</span> <span class='ocrx_word' id='word_1_122' title='bbox 1277 1133 1398 1204; x_wconf 90' lang='lat' dir='ltr'>episcopi</span> <span class='ocrx_word' id='word_1_123' title='bbox 1412 1136 1554 1192; x_wconf 74' lang='lat' dir='ltr'>volumtate</span> <span class='ocrx_word' id='word_1_124' title='bbox 1568 1134 1661 1207; x_wconf 89' lang='lat' dir='ltr'>luerit,</span> <span class='ocrx_word' id='word_1_125' title='bbox 1675 1149 1782 1196; x_wconf 88' lang='lat' dir='ltr'>rcnroto</span> <span class='ocrx_word' id='word_1_126' title='bbox 1795 1142 1885 1215; x_wconf 86' lang='lat' dir='ltr'>appel-</span> 
     </span>
     <span class='ocr_line' id='line_1_11' title="bbox 250 1223 1885 1302; baseline -0.002 -15"><span class='ocrx_word' id='word_1_127' title='bbox 250 1230 338 1301; x_wconf 86' lang='lat' dir='ltr'>lcgato</span> <span class='ocrx_word' id='word_1_128' title='bbox 356 1230 458 1287; x_wconf 91' lang='lat' dir='ltr'>nostris</span> <span class='ocrx_word' id='word_1_129' title='bbox 481 1230 604 1286; x_wconf 87' lang='lat' dir='ltr'>dedimus</span> <span class='ocrx_word' id='word_1_130' title='bbox 627 1230 729 1287; x_wconf 87' lang='lat' dir='ltr'>litteris</span> <span class='ocrx_word' id='word_1_131' title='bbox 747 1230 773 1285; x_wconf 92' lang='lat' dir='ltr'>iu</span> <span class='ocrx_word' id='word_1_132' title='bbox 799 1228 933 1286; x_wconf 86' lang='lat' dir='ltr'>mandatis</span> <span class='ocrx_word' id='word_1_133' title='bbox 955 1238 984 1285; x_wconf 95' lang='grc' dir='ltr'>ιιι</span> <span class='ocrx_word' id='word_1_134' title='bbox 1008 1243 1041 1285; x_wconf 89' lang='grc' dir='ltr'>ιι</span> <span class='ocrx_word' id='word_1_135' title='bbox 1092 1223 1200 1279; x_wconf 89' lang='lat' dir='ltr'>lationis</span> <span class='ocrx_word' id='word_1_136' title='bbox 1223 1224 1363 1281; x_wconf 81' lang='lat' dir='ltr'>obstaculo</span> <span class='ocrx_word' id='word_1_137' title='bbox 1386 1227 1551 1302; x_wconf 86' lang='lat' dir='ltr'>procedatis.</span> <span class='ocrx_word' id='word_1_138' title='bbox 1567 1228 1646 1296; x_wconf 78' lang='lat' dir='ltr'>Quod</span> <span class='ocrx_word' id='word_1_139' title='bbox 1675 1231 1699 1287; x_wconf 89' lang='lat' dir='ltr'>si</span> <span class='ocrx_word' id='word_1_140' title='bbox 1724 1231 1885 1291; x_wconf 71' lang='lat' dir='ltr'>lactentem</span> 
     </span>
     <span class='ocr_line' id='line_1_12' title="bbox 251 1314 1886 1394; baseline 0.003 -18"><span class='ocrx_word' id='word_1_141' title='bbox 251 1338 311 1394; x_wconf 83' lang='lat' dir='ltr'>quae</span> <span class='ocrx_word' id='word_1_142' title='bbox 327 1321 437 1394; x_wconf 80' lang='lat' dir='ltr'>procide</span> <span class='ocrx_word' id='word_1_143' title='bbox 459 1336 540 1393; x_wconf 87' lang='lat' dir='ltr'>super</span> <span class='ocrx_word' id='word_1_144' title='bbox 561 1322 738 1393; x_wconf 81' lang='lat' dir='ltr'>suspensione</span> <span class='ocrx_word' id='word_1_145' title='bbox 759 1322 843 1391; x_wconf 89' lang='lat' dir='ltr'>ipsius</span> <span class='ocrx_word' id='word_1_146' title='bbox 871 1320 990 1393; x_wconf 87' lang='lat' dir='ltr'>episcopi</span> <span class='ocrx_word' id='word_1_147' title='bbox 1013 1330 1041 1375; x_wconf 92' lang='lat' dir='ltr'>et</span> <span class='ocrx_word' id='word_1_148' title='bbox 1091 1314 1232 1387; x_wconf 90' lang='lat' dir='ltr'>episcopus</span> <span class='ocrx_word' id='word_1_149' title='bbox 1259 1326 1381 1373; x_wconf 91' lang='lat' dir='ltr'>nostrum</span> <span class='ocrx_word' id='word_1_150' title='bbox 1406 1317 1534 1375; x_wconf 88' lang='lat' dir='ltr'>maluerit</span> <span class='ocrx_word' id='word_1_151' title='bbox 1557 1320 1650 1377; x_wconf 89' lang='lat' dir='ltr'>subire</span> <span class='ocrx_word' id='word_1_152' title='bbox 1669 1322 1819 1393; x_wconf 75' lang='lat' dir='ltr'>indiciam,</span> <span class='ocrx_word' id='word_1_153' title='bbox 1834 1326 1886 1381; x_wconf 82' lang='lat' dir='ltr'>snb</span> 
     </span>
     <span class='ocr_line' id='line_1_13' title="bbox 250 1406 1885 1483; baseline 0 -13"><span class='ocrx_word' id='word_1_154' title='bbox 250 1412 450 1471; x_wconf 89' lang='lat' dir='ltr'>institutionum</span> <span class='ocrx_word' id='word_1_155' title='bbox 467 1413 619 1483; x_wconf 74' lang='lat' dir='ltr'>lauriusnredi</span> <span class='ocrx_word' id='word_1_156' title='bbox 630 1413 783 1469; x_wconf 73' lang='lat' dir='ltr'>cassitioue</span> <span class='ocrx_word' id='word_1_157' title='bbox 793 1421 925 1470; x_wconf 88' lang='lat' dir='ltr'>statuerat</span> <span class='ocrx_word' id='word_1_158' title='bbox 937 1411 1041 1469; x_wconf 85' lang='lat' dir='ltr'>iaciens</span> <span class='ocrx_word' id='word_1_159' title='bbox 1091 1406 1189 1479; x_wconf 69' lang='lat' dir='ltr'>tigillis</span> <span class='ocrx_word' id='word_1_160' title='bbox 1216 1408 1316 1465; x_wconf 70' lang='lat' dir='ltr'>lcsltls</span> <span class='ocrx_word' id='word_1_161' title='bbox 1343 1410 1535 1466; x_wconf 84' lang='lat' dir='ltr'>transmittatis</span> <span class='ocrx_word' id='word_1_162' title='bbox 1558 1409 1638 1468; x_wconf 83' lang='lat' dir='ltr'>nobis</span> <span class='ocrx_word' id='word_1_163' title='bbox 1662 1413 1779 1471; x_wconf 86' lang='lat' dir='ltr'>ddclitcr</span> <span class='ocrx_word' id='word_1_164' title='bbox 1799 1416 1885 1473; x_wconf 88' lang='lat' dir='ltr'>totius</span> 
     </span>
     <span class='ocr_line' id='line_1_14' title="bbox 250 1501 1884 1575; baseline 0.003 -14"><span class='ocrx_word' id='word_1_165' title='bbox 250 1506 532 1571; x_wconf 88' lang='lat' dir='ltr'>llrmitcronserrari‚</span> <span class='ocrx_word' id='word_1_166' title='bbox 554 1504 705 1575; x_wconf 86' lang='lat' dir='ltr'>superabis</span> <span class='ocrx_word' id='word_1_167' title='bbox 728 1504 816 1560; x_wconf 90' lang='lat' dir='ltr'>locum</span> <span class='ocrx_word' id='word_1_168' title='bbox 842 1515 870 1559; x_wconf 91' lang='grc' dir='ltr'>ιι</span> <span class='ocrx_word' id='word_1_169' title='bbox 891 1503 1039 1559; x_wconf 85' lang='lat' dir='ltr'>terminum</span> <span class='ocrx_word' id='word_1_170' title='bbox 1091 1501 1193 1572; x_wconf 90' lang='lat' dir='ltr'>negotii</span> <span class='ocrx_word' id='word_1_171' title='bbox 1218 1502 1317 1559; x_wconf 91' lang='lat' dir='ltr'>scriem</span> <span class='ocrx_word' id='word_1_172' title='bbox 1333 1511 1360 1557; x_wconf 93' lang='lat' dir='ltr'>ct</span> <span class='ocrx_word' id='word_1_173' title='bbox 1382 1516 1557 1572; x_wconf 81' lang='lat' dir='ltr'>processum,</span> <span class='ocrx_word' id='word_1_174' title='bbox 1580 1513 1610 1559; x_wconf 90' lang='grc' dir='ltr'>ιιι</span> <span class='ocrx_word' id='word_1_175' title='bbox 1632 1504 1665 1561; x_wconf 92' lang='lat' dir='ltr'>de</span> <span class='ocrx_word' id='word_1_176' title='bbox 1686 1504 1760 1561; x_wconf 91' lang='lat' dir='ltr'>roltn</span> <span class='ocrx_word' id='word_1_177' title='bbox 1784 1516 1884 1567; x_wconf 86' lang='lat' dir='ltr'>nostro</span> 
     </span>
     <span class='ocr_line' id='line_1_15' title="bbox 250 1590 1884 1670; baseline 0.001 -16"><span class='ocrx_word' id='word_1_178' title='bbox 250 1598 404 1668; x_wconf 76' lang='lat' dir='ltr'>assignaret</span> <span class='ocrx_word' id='word_1_179' title='bbox 428 1596 515 1653; x_wconf 88' lang='lat' dir='ltr'>eidem</span> <span class='ocrx_word' id='word_1_180' title='bbox 545 1597 673 1667; x_wconf 88' lang='lat' dir='ltr'>episcopo</span> <span class='ocrx_word' id='word_1_181' title='bbox 694 1594 909 1666; x_wconf 88' lang='lat' dir='ltr'>competentem&#39;;</span> <span class='ocrx_word' id='word_1_182' title='bbox 923 1595 951 1651; x_wconf 93' lang='lat' dir='ltr'>in</span> <span class='ocrx_word' id='word_1_183' title='bbox 972 1611 1039 1666; x_wconf 89' lang='lat' dir='ltr'>qno,</span> <span class='ocrx_word' id='word_1_184' title='bbox 1091 1592 1222 1660; x_wconf 89' lang='lat' dir='ltr'>procedat</span> <span class='ocrx_word' id='word_1_185' title='bbox 1245 1590 1379 1662; x_wconf 76' lang='lat' dir='ltr'>judicium</span> <span class='ocrx_word' id='word_1_186' title='bbox 1407 1594 1553 1665; x_wconf 81' lang='lat' dir='ltr'>equitans.</span> <span class='ocrx_word' id='word_1_187' title='bbox 1590 1592 1662 1663; x_wconf 71' lang='lat' dir='ltr'>Quia</span> <span class='ocrx_word' id='word_1_188' title='bbox 1689 1610 1754 1659; x_wconf 77' lang='lat' dir='ltr'>tcto</span> <span class='ocrx_word' id='word_1_189' title='bbox 1777 1597 1884 1670; x_wconf 85' lang='lat' dir='ltr'>legatus</span> 
     </span>
     <span class='ocr_line' id='line_1_16' title="bbox 250 1682 1883 1761; baseline 0.001 -18"><span class='ocrx_word' id='word_1_190' title='bbox 250 1689 351 1746; x_wconf 87' lang='lat' dir='ltr'>tributa</span> <span class='ocrx_word' id='word_1_191' title='bbox 363 1688 413 1745; x_wconf 92' lang='lat' dir='ltr'>sibi</span> <span class='ocrx_word' id='word_1_192' title='bbox 426 1689 503 1758; x_wconf 89' lang='lat' dir='ltr'>eopia</span> <span class='ocrx_word' id='word_1_193' title='bbox 520 1687 694 1755; x_wconf 81' lang='lat' dir='ltr'>defendendi,</span> <span class='ocrx_word' id='word_1_194' title='bbox 706 1686 851 1761; x_wconf 84' lang='lat' dir='ltr'>diligenter</span> <span class='ocrx_word' id='word_1_195' title='bbox 862 1687 969 1744; x_wconf 90' lang='lat' dir='ltr'>audiret</span> <span class='ocrx_word' id='word_1_196' title='bbox 979 1702 1041 1759; x_wconf 73' lang='lat' dir='ltr'>quae</span> <span class='ocrx_word' id='word_1_197' title='bbox 1091 1682 1218 1738; x_wconf 87' lang='lat' dir='ltr'>cumdem</span> <span class='ocrx_word' id='word_1_198' title='bbox 1247 1682 1404 1755; x_wconf 86' lang='lat' dir='ltr'>episcopum</span> <span class='ocrx_word' id='word_1_199' title='bbox 1430 1684 1536 1741; x_wconf 89' lang='lat' dir='ltr'>babens</span> <span class='ocrx_word' id='word_1_200' title='bbox 1560 1684 1594 1743; x_wconf 89' lang='lat' dir='ltr'>de</span> <span class='ocrx_word' id='word_1_201' title='bbox 1617 1684 1809 1757; x_wconf 83' lang='lat' dir='ltr'>dilapidatione</span> <span class='ocrx_word' id='word_1_202' title='bbox 1835 1704 1883 1745; x_wconf 87' lang='lat' dir='ltr'>sn·</span> 
     </span>
     <span class='ocr_line' id='line_1_17' title="bbox 251 1755 1885 1851; baseline 0 -16"><span class='ocrx_word' id='word_1_203' title='bbox 251 1794 343 1835; x_wconf 90' lang='lat' dir='ltr'>coram</span> <span class='ocrx_word' id='word_1_204' title='bbox 357 1778 415 1849; x_wconf 88' lang='lat' dir='ltr'>ipso</span> <span class='ocrx_word' id='word_1_205' title='bbox 428 1780 539 1835; x_wconf 87' lang='lat' dir='ltr'>duceret</span> <span class='ocrx_word' id='word_1_206' title='bbox 551 1778 735 1851; x_wconf 90' lang='lat' dir='ltr'>proponenda,</span> <span class='ocrx_word' id='word_1_207' title='bbox 749 1788 777 1834; x_wconf 89' lang='lat' dir='ltr'>et</span> <span class='ocrx_word' id='word_1_208' title='bbox 788 1779 859 1851; x_wconf 87' lang='lat' dir='ltr'>quod</span> <span class='ocrx_word' id='word_1_209' title='bbox 875 1779 1037 1835; x_wconf 88' lang='lat' dir='ltr'>canonicum</span> <span class='ocrx_word' id='word_1_210' title='bbox 1054 1755 1234 1845; x_wconf 69' lang='lat' dir='ltr'>flspccttrm,</span> <span class='ocrx_word' id='word_1_211' title='bbox 1259 1773 1366 1843; x_wconf 74' lang='lat' dir='ltr'>ipson,</span> <span class='ocrx_word' id='word_1_212' title='bbox 1395 1774 1547 1844; x_wconf 63' lang='lat' dir='ltr'>utgdicturn</span> <span class='ocrx_word' id='word_1_213' title='bbox 1575 1783 1630 1843; x_wconf 88' lang='lat' dir='ltr'>cst,</span> <span class='ocrx_word' id='word_1_214' title='bbox 1656 1792 1674 1833; x_wconf 85' lang='lat' dir='ltr'>a</span> <span class='ocrx_word' id='word_1_215' title='bbox 1694 1778 1885 1851; x_wconf 80' lang='lat' dir='ltr'>temporalium</span> 
     </span>
     <span class='ocr_line' id='line_1_18' title="bbox 249 1866 1886 1941; baseline -0.001 -14"><span class='ocrx_word' id='word_1_216' title='bbox 249 1880 424 1929; x_wconf 89' lang='lat' dir='ltr'>essctnostra</span> <span class='ocrx_word' id='word_1_217' title='bbox 437 1872 597 1929; x_wconf 85' lang='lat' dir='ltr'>decerneret</span> <span class='ocrx_word' id='word_1_218' title='bbox 611 1870 773 1927; x_wconf 76' lang='lat' dir='ltr'>alletoritatc</span> <span class='ocrx_word' id='word_1_219' title='bbox 783 1870 918 1927; x_wconf 80' lang='lat' dir='ltr'>suffultus.</span> <span class='ocrx_word' id='word_1_220' title='bbox 931 1869 959 1925; x_wconf 88' lang='lat' dir='ltr'>Si</span> <span class='ocrx_word' id='word_1_221' title='bbox 974 1884 1041 1925; x_wconf 85' lang='lat' dir='ltr'>uero</span> <span class='ocrx_word' id='word_1_222' title='bbox 1091 1866 1328 1925; x_wconf 87' lang='lat' dir='ltr'>administratione</span> <span class='ocrx_word' id='word_1_223' title='bbox 1347 1866 1507 1939; x_wconf 86' lang='lat' dir='ltr'>suspendit,</span> <span class='ocrx_word' id='word_1_224' title='bbox 1519 1882 1569 1925; x_wconf 93' lang='lat' dir='ltr'>nos</span> <span class='ocrx_word' id='word_1_225' title='bbox 1592 1868 1762 1941; x_wconf 86' lang='lat' dir='ltr'>episcopatui</span> <span class='ocrx_word' id='word_1_226' title='bbox 1780 1871 1886 1941; x_wconf 88' lang='lat' dir='ltr'>pariter</span> 
     </span>
     <span class='ocr_line' id='line_1_19' title="bbox 251 1960 1885 2044; baseline -0.001 -24"><span class='ocrx_word' id='word_1_227' title='bbox 251 1964 322 2020; x_wconf 86' lang='lat' dir='ltr'>idern</span> <span class='ocrx_word' id='word_1_228' title='bbox 334 1964 477 2033; x_wconf 90' lang='lat' dir='ltr'>episcopus</span> <span class='ocrx_word' id='word_1_229' title='bbox 488 1962 521 2017; x_wconf 92' lang='lat' dir='ltr'>ad</span> <span class='ocrx_word' id='word_1_230' title='bbox 542 1977 591 2018; x_wconf 89' lang='lat' dir='ltr'>nos</span> <span class='ocrx_word' id='word_1_231' title='bbox 604 1961 694 2017; x_wconf 80' lang='lat' dir='ltr'>forsan</span> <span class='ocrx_word' id='word_1_232' title='bbox 709 1961 820 2017; x_wconf 89' lang='lat' dir='ltr'>duceret</span> <span class='ocrx_word' id='word_1_233' title='bbox 831 1960 1039 2031; x_wconf 82' lang='lat' dir='ltr'>appellandum,</span> <span class='ocrx_word' id='word_1_234' title='bbox 1090 1968 1119 2015; x_wconf 93' lang='lat' dir='ltr'>et</span> <span class='ocrx_word' id='word_1_235' title='bbox 1130 1960 1256 2029; x_wconf 92' lang='lat' dir='ltr'>episcopo</span> <span class='ocrx_word' id='word_1_236' title='bbox 1267 1960 1381 2031; x_wconf 81' lang='lat' dir='ltr'>paterna</span> <span class='ocrx_word' id='word_1_237' title='bbox 1393 1961 1516 2044; x_wconf 82' lang='lat' dir='ltr'>uolentes</span> <span class='ocrx_word' id='word_1_238' title='bbox 1529 1961 1714 2032; x_wconf 80' lang='lat' dir='ltr'>sollicitudine</span> <span class='ocrx_word' id='word_1_239' title='bbox 1725 1964 1885 2041; x_wconf 76' lang='lat' dir='ltr'>presidere,</span> 
     </span>
     <span class='ocr_line' id='line_1_20' title="bbox 250 2048 1887 2124; baseline 0.001 -15"><span class='ocrx_word' id='word_1_240' title='bbox 250 2054 274 2110; x_wconf 88' lang='lat' dir='ltr'>ei</span> <span class='ocrx_word' id='word_1_241' title='bbox 291 2052 435 2110; x_wconf 92' lang='lat' dir='ltr'>terminum</span> <span class='ocrx_word' id='word_1_242' title='bbox 446 2052 692 2124; x_wconf 86' lang='lat' dir='ltr'>adappellnlionem</span> <span class='ocrx_word' id='word_1_243' title='bbox 707 2052 859 2122; x_wconf 88' lang='lat' dir='ltr'>pracllgcret</span> <span class='ocrx_word' id='word_1_244' title='bbox 872 2065 1040 2122; x_wconf 89' lang='lat' dir='ltr'>prosequcn·</span> <span class='ocrx_word' id='word_1_245' title='bbox 1090 2050 1252 2108; x_wconf 88' lang='lat' dir='ltr'>mandamus</span> <span class='ocrx_word' id='word_1_246' title='bbox 1268 2060 1405 2124; x_wconf 90' lang='lat' dir='ltr'>quatenus</span> <span class='ocrx_word' id='word_1_247' title='bbox 1428 2048 1540 2109; x_wconf 90' lang='lat' dir='ltr'>interim</span> <span class='ocrx_word' id='word_1_248' title='bbox 1565 2054 1691 2109; x_wconf 85' lang='lat' dir='ltr'>eamdem</span> <span class='ocrx_word' id='word_1_249' title='bbox 1710 2054 1887 2111; x_wconf 88' lang='lat' dir='ltr'>administra·</span> 
     </span>
     <span class='ocr_line' id='line_1_21' title="bbox 250 2142 1888 2217; baseline -0.001 -15"><span class='ocrx_word' id='word_1_250' title='bbox 250 2148 323 2215; x_wconf 89' lang='lat' dir='ltr'>dum,</span> <span class='ocrx_word' id='word_1_251' title='bbox 342 2146 425 2202; x_wconf 88' lang='lat' dir='ltr'>lolius</span> <span class='ocrx_word' id='word_1_252' title='bbox 441 2146 541 2216; x_wconf 90' lang='lat' dir='ltr'>negotii</span> <span class='ocrx_word' id='word_1_253' title='bbox 560 2146 697 2201; x_wconf 87' lang='lat' dir='ltr'>seriemct</span> <span class='ocrx_word' id='word_1_254' title='bbox 712 2160 868 2215; x_wconf 87' lang='lat' dir='ltr'>processum</span> <span class='ocrx_word' id='word_1_255' title='bbox 883 2142 1040 2200; x_wconf 85' lang='lat' dir='ltr'>uobisludc·</span> <span class='ocrx_word' id='word_1_256' title='bbox 1093 2145 1194 2199; x_wconf 88' lang='lat' dir='ltr'>tionem</span> <span class='ocrx_word' id='word_1_257' title='bbox 1216 2144 1351 2217; x_wconf 87' lang='lat' dir='ltr'>aliquibus</span> <span class='ocrx_word' id='word_1_258' title='bbox 1371 2145 1406 2200; x_wconf 85' lang='lat' dir='ltr'>de</span> <span class='ocrx_word' id='word_1_259' title='bbox 1435 2144 1553 2215; x_wconf 89' lang='lat' dir='ltr'>capitulo</span> <span class='ocrx_word' id='word_1_260' title='bbox 1578 2144 1709 2201; x_wconf 74' lang='lat' dir='ltr'>Ecclesia</span> <span class='ocrx_word' id='word_1_261' title='bbox 1737 2144 1888 2202; x_wconf 76' lang='lat' dir='ltr'>Terrisinae</span> 
     </span>
     <span class='ocr_line' id='line_1_22' title="bbox 250 2236 1883 2309; baseline 0.001 -17"><span class='ocrx_word' id='word_1_262' title='bbox 250 2238 316 2297; x_wconf 89' lang='lat' dir='ltr'>liter</span> <span class='ocrx_word' id='word_1_263' title='bbox 333 2240 524 2309; x_wconf 80' lang='lat' dir='ltr'>rescripturus.</span> <span class='ocrx_word' id='word_1_264' title='bbox 544 2238 622 2305; x_wconf 84' lang='lat' dir='ltr'>Quod</span> <span class='ocrx_word' id='word_1_265' title='bbox 646 2237 669 2291; x_wconf 91' lang='lat' dir='ltr'>si</span> <span class='ocrx_word' id='word_1_266' title='bbox 683 2236 889 2307; x_wconf 87' lang='lat' dir='ltr'>appellationem</span> <span class='ocrx_word' id='word_1_267' title='bbox 911 2236 1040 2291; x_wconf 87' lang='lat' dir='ltr'>emissam</span> <span class='ocrx_word' id='word_1_268' title='bbox 1092 2236 1204 2293; x_wconf 89' lang='lat' dir='ltr'>utilibus</span> <span class='ocrx_word' id='word_1_269' title='bbox 1226 2247 1255 2295; x_wconf 87' lang='lat' dir='ltr'>ct</span> <span class='ocrx_word' id='word_1_270' title='bbox 1278 2236 1384 2293; x_wconf 91' lang='lat' dir='ltr'>idoneis</span> <span class='ocrx_word' id='word_1_271' title='bbox 1409 2238 1444 2293; x_wconf 90' lang='lat' dir='ltr'>ad</span> <span class='ocrx_word' id='word_1_272' title='bbox 1476 2237 1530 2294; x_wconf 91' lang='lat' dir='ltr'>boc</span> <span class='ocrx_word' id='word_1_273' title='bbox 1552 2238 1716 2294; x_wconf 90' lang='lat' dir='ltr'>auctoritate</span> <span class='ocrx_word' id='word_1_274' title='bbox 1734 2237 1883 2307; x_wconf 86' lang='lat' dir='ltr'>apostoliea</span> 
     </span>
     <span class='ocr_line' id='line_1_23' title="bbox 250 2327 1884 2400; baseline -0.002 -15"><span class='ocrx_word' id='word_1_275' title='bbox 250 2330 323 2386; x_wconf 88' lang='lat' dir='ltr'>idem</span> <span class='ocrx_word' id='word_1_276' title='bbox 341 2330 484 2400; x_wconf 89' lang='lat' dir='ltr'>episeopus</span> <span class='ocrx_word' id='word_1_277' title='bbox 498 2328 568 2385; x_wconf 86' lang='lat' dir='ltr'>inira</span> <span class='ocrx_word' id='word_1_278' title='bbox 587 2329 732 2383; x_wconf 89' lang='lat' dir='ltr'>terminum</span> <span class='ocrx_word' id='word_1_279' title='bbox 750 2328 801 2383; x_wconf 88' lang='lat' dir='ltr'>sibi</span> <span class='ocrx_word' id='word_1_280' title='bbox 816 2327 955 2398; x_wconf 81' lang='lat' dir='ltr'>prallnum</span> <span class='ocrx_word' id='word_1_281' title='bbox 977 2342 1041 2399; x_wconf 90' lang='lat' dir='ltr'>per·</span> <span class='ocrx_word' id='word_1_282' title='bbox 1092 2329 1283 2394; x_wconf 88' lang='lat' dir='ltr'>committatis,</span> <span class='ocrx_word' id='word_1_283' title='bbox 1304 2328 1351 2399; x_wconf 91' lang='lat' dir='ltr'>qni</span> <span class='ocrx_word' id='word_1_284' title='bbox 1367 2336 1514 2400; x_wconf 81' lang='lat' dir='ltr'>proventus</span> <span class='ocrx_word' id='word_1_285' title='bbox 1531 2329 1700 2400; x_wconf 87' lang='lat' dir='ltr'>episcopales</span> <span class='ocrx_word' id='word_1_286' title='bbox 1713 2338 1741 2387; x_wconf 88' lang='lat' dir='ltr'>et</span> <span class='ocrx_word' id='word_1_287' title='bbox 1759 2328 1812 2383; x_wconf 91' lang='lat' dir='ltr'>alia</span> <span class='ocrx_word' id='word_1_288' title='bbox 1827 2328 1884 2385; x_wconf 90' lang='lat' dir='ltr'>col-</span> 
     </span>
     <span class='ocr_line' id='line_1_24' title="bbox 251 2410 1886 2494; baseline -0.001 -16"><span class='ocrx_word' id='word_1_289' title='bbox 251 2422 328 2494; x_wconf 83' lang='lat' dir='ltr'>rcqni</span> <span class='ocrx_word' id='word_1_290' title='bbox 350 2420 420 2478; x_wconf 92' lang='lat' dir='ltr'>lorle</span> <span class='ocrx_word' id='word_1_291' title='bbox 435 2421 596 2493; x_wconf 75' lang='lat' dir='ltr'>negligeret,</span> <span class='ocrx_word' id='word_1_292' title='bbox 610 2421 680 2475; x_wconf 90' lang='lat' dir='ltr'>idem</span> <span class='ocrx_word' id='word_1_293' title='bbox 696 2418 800 2490; x_wconf 87' lang='lat' dir='ltr'>legatus</span> <span class='ocrx_word' id='word_1_294' title='bbox 815 2419 841 2474; x_wconf 94' lang='lat' dir='ltr'>in</span> <span class='ocrx_word' id='word_1_295' title='bbox 858 2417 966 2489; x_wconf 87' lang='lat' dir='ltr'>negotio</span> <span class='ocrx_word' id='word_1_296' title='bbox 980 2418 1042 2490; x_wconf 89' lang='lat' dir='ltr'>ipso</span> <span class='ocrx_word' id='word_1_297' title='bbox 1093 2418 1208 2491; x_wconf 91' lang='lat' dir='ltr'>ligentes</span> <span class='ocrx_word' id='word_1_298' title='bbox 1223 2410 1387 2475; x_wconf 73' lang='lat' dir='ltr'>lidelitcr&#39;ct</span> <span class='ocrx_word' id='word_1_299' title='bbox 1398 2427 1556 2489; x_wconf 81' lang='lat' dir='ltr'>seruantes,</span> <span class='ocrx_word' id='word_1_300' title='bbox 1569 2423 1780 2485; x_wconf 84' lang='lat' dir='ltr'>necessariasct</span> <span class='ocrx_word' id='word_1_301' title='bbox 1794 2421 1886 2477; x_wconf 86' lang='lat' dir='ltr'>node·</span> 
     </span>
     <span class='ocr_line' id='line_1_25' title="bbox 252 2508 1887 2583; baseline 0.002 -17"><span class='ocrx_word' id='word_1_302' title='bbox 252 2512 430 2583; x_wconf 88' lang='lat' dir='ltr'>appellatione</span> <span class='ocrx_word' id='word_1_303' title='bbox 443 2520 547 2567; x_wconf 88' lang='lat' dir='ltr'>remota</span> <span class='ocrx_word' id='word_1_304' title='bbox 565 2509 724 2580; x_wconf 87' lang='lat' dir='ltr'>procederet</span> <span class='ocrx_word' id='word_1_305' title='bbox 739 2510 837 2579; x_wconf 78' lang='lat' dir='ltr'>previa</span> <span class='ocrx_word' id='word_1_306' title='bbox 854 2509 968 2566; x_wconf 90' lang='lat' dir='ltr'>ratione.</span> <span class='ocrx_word' id='word_1_307' title='bbox 983 2508 1041 2563; x_wconf 89' lang='lat' dir='ltr'>Nu·</span> <span class='ocrx_word' id='word_1_308' title='bbox 1092 2522 1167 2568; x_wconf 90' lang='lat' dir='ltr'>ratas</span> <span class='ocrx_word' id='word_1_309' title='bbox 1189 2526 1323 2583; x_wconf 81' lang='lat' dir='ltr'>expensas</span> <span class='ocrx_word' id='word_1_310' title='bbox 1341 2512 1376 2569; x_wconf 87' lang='lat' dir='ltr'>dc</span> <span class='ocrx_word' id='word_1_311' title='bbox 1394 2511 1460 2575; x_wconf 88' lang='lat' dir='ltr'>ipsis</span> <span class='ocrx_word' id='word_1_312' title='bbox 1475 2512 1653 2583; x_wconf 82' lang='lat' dir='ltr'>proventibus</span> <span class='ocrx_word' id='word_1_313' title='bbox 1673 2514 1800 2583; x_wconf 82' lang='lat' dir='ltr'>episcopo</span> <span class='ocrx_word' id='word_1_314' title='bbox 1827 2514 1887 2570; x_wconf 83' lang='lat' dir='ltr'>sine</span> 
     </span>
     <span class='ocr_line' id='line_1_26' title="bbox 250 2601 1887 2676; baseline 0.001 -14"><span class='ocrx_word' id='word_1_315' title='bbox 250 2613 401 2676; x_wconf 87' lang='lat' dir='ltr'>parantem</span> <span class='ocrx_word' id='word_1_316' title='bbox 422 2602 492 2659; x_wconf 91' lang='lat' dir='ltr'>idem</span> <span class='ocrx_word' id='word_1_317' title='bbox 517 2603 661 2673; x_wconf 90' lang='lat' dir='ltr'>episcopus</span> <span class='ocrx_word' id='word_1_318' title='bbox 685 2602 718 2658; x_wconf 90' lang='lat' dir='ltr'>ad</span> <span class='ocrx_word' id='word_1_319' title='bbox 744 2601 919 2671; x_wconf 90' lang='lat' dir='ltr'>apostolicam</span> <span class='ocrx_word' id='word_1_320' title='bbox 949 2601 1040 2657; x_wconf 91' lang='lat' dir='ltr'>sedem</span> <span class='ocrx_word' id='word_1_321' title='bbox 1092 2601 1250 2660; x_wconf 82' lang='lat' dir='ltr'>difficultate</span> <span class='ocrx_word' id='word_1_322' title='bbox 1269 2604 1444 2673; x_wconf 89' lang='lat' dir='ltr'>ministrent,</span> <span class='ocrx_word' id='word_1_323' title='bbox 1459 2620 1568 2663; x_wconf 84' lang='lat' dir='ltr'>omnent</span> <span class='ocrx_word' id='word_1_324' title='bbox 1583 2606 1696 2663; x_wconf 87' lang='lat' dir='ltr'>omnino</span> <span class='ocrx_word' id='word_1_325' title='bbox 1712 2606 1887 2663; x_wconf 89' lang='lat' dir='ltr'>alienationis</span> 
     </span>
     <span class='ocr_line' id='line_1_27' title="bbox 252 2692 1888 2784; baseline 0.002 -33"><span class='ocrx_word' id='word_1_326' title='bbox 252 2696 385 2753; x_wconf 88' lang='lat' dir='ltr'>accedens</span> <span class='ocrx_word' id='word_1_327' title='bbox 399 2695 426 2750; x_wconf 92' lang='grc' dir='ltr'>ιιι</span> <span class='ocrx_word' id='word_1_328' title='bbox 447 2700 540 2749; x_wconf 89' lang='lat' dir='ltr'>nostra</span> <span class='ocrx_word' id='word_1_329' title='bbox 561 2692 701 2763; x_wconf 89' lang='lat' dir='ltr'>proposuit</span> <span class='ocrx_word' id='word_1_330' title='bbox 716 2693 860 2763; x_wconf 74' lang='lat' dir='ltr'>praesentia</span> <span class='ocrx_word' id='word_1_331' title='bbox 876 2694 1041 2748; x_wconf 86' lang='lat' dir='ltr'>constitutus</span> <span class='ocrx_word' id='word_1_332' title='bbox 1094 2698 1213 2769; x_wconf 90' lang='lat' dir='ltr'>speciem</span> <span class='ocrx_word' id='word_1_333' title='bbox 1227 2696 1422 2755; x_wconf 87' lang='lat' dir='ltr'>interdicentes</span> <span class='ocrx_word' id='word_1_334' title='bbox 1433 2696 1549 2762; x_wconf 73' lang='lat' dir='ltr'>eisdemt</span> <span class='ocrx_word' id='word_1_335' title='bbox 1571 2707 1681 2768; x_wconf 87' lang='lat' dir='ltr'>receptu</span> <span class='ocrx_word' id='word_1_336' title='bbox 1698 2698 1732 2753; x_wconf 92' lang='lat' dir='ltr'>ab</span> <span class='ocrx_word' id='word_1_337' title='bbox 1747 2699 1788 2784; x_wconf 67' lang='lat' dir='ltr'>pis</span> <span class='ocrx_word' id='word_1_338' title='bbox 1805 2714 1888 2768; x_wconf 76' lang='lat' dir='ltr'>super</span> 
     </span>
     <span class='ocr_line' id='line_1_28' title="bbox 252 2782 1888 2859; baseline -0.001 -14"><span class='ocrx_word' id='word_1_339' title='bbox 252 2786 442 2845; x_wconf 85' lang='lat' dir='ltr'>scabendum</span> <span class='ocrx_word' id='word_1_340' title='bbox 465 2782 555 2856; x_wconf 89' lang='lat' dir='ltr'>legato</span> <span class='ocrx_word' id='word_1_341' title='bbox 578 2784 661 2839; x_wconf 89' lang='lat' dir='ltr'>luisse</span> <span class='ocrx_word' id='word_1_342' title='bbox 685 2782 870 2853; x_wconf 84' lang='lat' dir='ltr'>multipliciter</span> <span class='ocrx_word' id='word_1_343' title='bbox 890 2792 917 2837; x_wconf 91' lang='lat' dir='ltr'>et</span> <span class='ocrx_word' id='word_1_344' title='bbox 941 2782 1042 2854; x_wconf 83' lang='lat' dir='ltr'>injuste</span> <span class='ocrx_word' id='word_1_345' title='bbox 1096 2788 1149 2844; x_wconf 89' lang='lat' dir='ltr'>boc</span> <span class='ocrx_word' id='word_1_346' title='bbox 1161 2788 1341 2859; x_wconf 86' lang='lat' dir='ltr'>corporaliter</span> <span class='ocrx_word' id='word_1_347' title='bbox 1352 2787 1518 2859; x_wconf 84' lang='lat' dir='ltr'>juramento.</span> <span class='ocrx_word' id='word_1_348' title='bbox 1530 2786 1560 2845; x_wconf 84' lang='lat' dir='ltr'>Si</span> <span class='ocrx_word' id='word_1_349' title='bbox 1579 2788 1888 2845; x_wconf 86' lang='lat' dir='ltr'>rerodictuancrtius</span> 
     </span>
     <span class='ocr_line' id='line_1_29' title="bbox 251 2872 1887 2953; baseline -0.002 -19"><span class='ocrx_word' id='word_1_350' title='bbox 251 2883 393 2951; x_wconf 87' lang='lat' dir='ltr'>gravatum</span> <span class='ocrx_word' id='word_1_351' title='bbox 408 2892 417 2937; x_wconf 77' lang='lat' dir='ltr'>t</span> <span class='ocrx_word' id='word_1_352' title='bbox 430 2876 548 2947; x_wconf 88' lang='lat' dir='ltr'>quicum</span> <span class='ocrx_word' id='word_1_353' title='bbox 561 2872 868 2945; x_wconf 83' lang='lat' dir='ltr'>superobjectiseidem</span> <span class='ocrx_word' id='word_1_354' title='bbox 881 2872 959 2942; x_wconf 90' lang='lat' dir='ltr'>plena</span> <span class='ocrx_word' id='word_1_355' title='bbox 973 2873 1041 2927; x_wconf 83' lang='lat' dir='ltr'>luis·</span> <span class='ocrx_word' id='word_1_356' title='bbox 1093 2892 1142 2937; x_wconf 70' lang='lat' dir='ltr'>qun</span> <span class='ocrx_word' id='word_1_357' title='bbox 1156 2896 1236 2937; x_wconf 72' lang='lat' dir='ltr'>squar</span> <span class='ocrx_word' id='word_1_358' title='bbox 1253 2882 1312 2953; x_wconf 71' lang='lat' dir='ltr'>ejus</span> <span class='ocrx_word' id='word_1_359' title='bbox 1325 2882 1512 2953; x_wconf 56' lang='lat' dir='ltr'>„quaestum</span> <span class='ocrx_word' id='word_1_360' title='bbox 1533 2896 1584 2938; x_wconf 64' lang='lat' dir='ltr'>seu</span> <span class='ocrx_word' id='word_1_361' title='bbox 1600 2882 1654 2938; x_wconf 69' lang='lat' dir='ltr'>atis</span> <span class='ocrx_word' id='word_1_362' title='bbox 1667 2881 1738 2938; x_wconf 70' lang='lat' dir='ltr'>bona</span> <span class='ocrx_word' id='word_1_363' title='bbox 1755 2881 1887 2938; x_wconf 62' lang='lat' dir='ltr'>&amp;etesia</span> 
     </span>
     <span class='ocr_line' id='line_1_30' title="bbox 252 2966 1884 3043; baseline -0.003 -17"><span class='ocrx_word' id='word_1_364' title='bbox 252 2980 295 3027; x_wconf 84' lang='lat' dir='ltr'>set</span> <span class='ocrx_word' id='word_1_365' title='bbox 311 2969 451 3041; x_wconf 89' lang='lat' dir='ltr'>inquisitio</span> <span class='ocrx_word' id='word_1_366' title='bbox 462 2968 532 3024; x_wconf 89' lang='lat' dir='ltr'>lacta</span> <span class='ocrx_word' id='word_1_367' title='bbox 545 2983 593 3039; x_wconf 91' lang='lat' dir='ltr'>pcr</span> <span class='ocrx_word' id='word_1_368' title='bbox 604 2968 707 3023; x_wconf 90' lang='lat' dir='ltr'>dictum</span> <span class='ocrx_word' id='word_1_369' title='bbox 720 2966 899 3023; x_wconf 80' lang='lat' dir='ltr'>bibonensem</span> <span class='ocrx_word' id='word_1_370' title='bbox 913 2966 1039 3031; x_wconf 88' lang='lat' dir='ltr'>electum,</span> <span class='ocrx_word' id='word_1_371' title='bbox 1091 2970 1240 3029; x_wconf 63' lang='lat' dir='ltr'>&#39;feminina</span> <span class='ocrx_word' id='word_1_372' title='bbox 1260 2981 1361 3031; x_wconf 63' lang='lat' dir='ltr'>umero</span> <span class='ocrx_word' id='word_1_373' title='bbox 1379 2974 1542 3043; x_wconf 64' lang='lat' dir='ltr'>occupauit,</span> <span class='ocrx_word' id='word_1_374' title='bbox 1560 2988 1611 3030; x_wconf 68' lang='grc' dir='ltr'>ιω</span> <span class='ocrx_word' id='word_1_375' title='bbox 1630 2974 1664 3029; x_wconf 68' lang='lat' dir='ltr'>aq</span> <span class='ocrx_word' id='word_1_376' title='bbox 1684 2972 1884 3031; x_wconf 59' lang='lat' dir='ltr'>restitutionem</span> 
     </span>
     <span class='ocr_line' id='line_1_31' title="bbox 251 3056 1885 3153; baseline 0 -34"><span class='ocrx_word' id='word_1_377' title='bbox 251 3080 300 3134; x_wconf 79' lang='lat' dir='ltr'>per</span> <span class='ocrx_word' id='word_1_378' title='bbox 316 3076 397 3135; x_wconf 88' lang='lat' dir='ltr'>quam</span> <span class='ocrx_word' id='word_1_379' title='bbox 415 3062 471 3132; x_wconf 90' lang='lat' dir='ltr'>ipse</span> <span class='ocrx_word' id='word_1_380' title='bbox 484 3060 589 3131; x_wconf 88' lang='lat' dir='ltr'>legatos</span> <span class='ocrx_word' id='word_1_381' title='bbox 603 3059 771 3117; x_wconf 81' lang='lat' dir='ltr'>sufficienter</span> <span class='ocrx_word' id='word_1_382' title='bbox 787 3058 883 3114; x_wconf 90' lang='lat' dir='ltr'>instrui</span> <span class='ocrx_word' id='word_1_383' title='bbox 897 3056 1038 3129; x_wconf 88' lang='lat' dir='ltr'>potuisset,</span> <span class='ocrx_word' id='word_1_384' title='bbox 1053 3077 1184 3153; x_wconf 69' lang='lat' dir='ltr'>cccrum</span> <span class='ocrx_word' id='word_1_385' title='bbox 1213 3078 1262 3135; x_wconf 92' lang='lat' dir='ltr'>per</span> <span class='ocrx_word' id='word_1_386' title='bbox 1286 3078 1429 3120; x_wconf 90' lang='lat' dir='ltr'>censuram</span> <span class='ocrx_word' id='word_1_387' title='bbox 1457 3065 1674 3121; x_wconf 84' lang='lat' dir='ltr'>ecclesiasticam</span> <span class='ocrx_word' id='word_1_388' title='bbox 1703 3064 1885 3136; x_wconf 85' lang='lat' dir='ltr'>appellatione</span> 
     </span>
     <span class='ocr_line' id='line_1_32' title="bbox 252 3147 1885 3229; baseline -0.004 -19"><span class='ocrx_word' id='word_1_389' title='bbox 252 3152 505 3212; x_wconf 90' lang='lat' dir='ltr'>idemiuimicorum</span> <span class='ocrx_word' id='word_1_390' title='bbox 526 3152 586 3223; x_wconf 80' lang='lat' dir='ltr'>ejus</span> <span class='ocrx_word' id='word_1_391' title='bbox 608 3150 742 3206; x_wconf 77' lang='lat' dir='ltr'>instanlia</span> <span class='ocrx_word' id='word_1_392' title='bbox 765 3147 932 3221; x_wconf 86' lang='lat' dir='ltr'>plusdcbilo</span> <span class='ocrx_word' id='word_1_393' title='bbox 947 3148 1040 3219; x_wconf 90' lang='lat' dir='ltr'>acqui·</span> <span class='ocrx_word' id='word_1_394' title='bbox 1091 3164 1198 3212; x_wconf 74' lang='lat' dir='ltr'>remora</span> <span class='ocrx_word' id='word_1_395' title='bbox 1221 3156 1336 3212; x_wconf 71' lang='lat' dir='ltr'>vertute</span> <span class='ocrx_word' id='word_1_396' title='bbox 1359 3158 1465 3229; x_wconf 66' lang='lat' dir='ltr'>cognita</span> <span class='ocrx_word' id='word_1_397' title='bbox 1482 3154 1662 3227; x_wconf 58' lang='lat' dir='ltr'>cappellanis,</span> <span class='ocrx_word' id='word_1_398' title='bbox 1686 3155 1764 3225; x_wconf 80' lang='lat' dir='ltr'>Quod</span> <span class='ocrx_word' id='word_1_399' title='bbox 1785 3156 1810 3212; x_wconf 74' lang='lat' dir='ltr'>si</span> <span class='ocrx_word' id='word_1_400' title='bbox 1828 3171 1885 3213; x_wconf 77' lang='lat' dir='ltr'>uoq</span> 
     </span>
     <span class='ocr_line' id='line_1_33' title="bbox 251 3242 1556 3326; baseline 0.003 -24"><span class='ocrx_word' id='word_1_401' title='bbox 251 3259 357 3312; x_wconf 82' lang='lat' dir='ltr'>ascens,</span> <span class='ocrx_word' id='word_1_402' title='bbox 380 3243 415 3300; x_wconf 92' lang='lat' dir='ltr'>ad</span> <span class='ocrx_word' id='word_1_403' title='bbox 432 3243 634 3326; x_wconf 84' lang='lat' dir='ltr'>inquisitionem</span> <span class='ocrx_word' id='word_1_404' title='bbox 661 3243 695 3298; x_wconf 90' lang='lat' dir='ltr'>de</span> <span class='ocrx_word' id='word_1_405' title='bbox 719 3254 789 3298; x_wconf 91' lang='lat' dir='ltr'>noro</span> <span class='ocrx_word' id='word_1_406' title='bbox 800 3251 894 3299; x_wconf 90' lang='lat' dir='ltr'>eontra</span> <span class='ocrx_word' id='word_1_407' title='bbox 913 3242 1040 3298; x_wconf 88' lang='lat' dir='ltr'>cumdem</span> <span class='ocrx_word' id='word_1_408' title='bbox 1091 3261 1196 3313; x_wconf 88' lang='lat' dir='ltr'>ornnes,</span> <span class='ocrx_word' id='word_1_409' title='bbox 1210 3255 1278 3314; x_wconf 80' lang='lat' dir='ltr'>ele..</span> <span class='ocrx_word' id='word_1_410' title='bbox 1292 3247 1346 3304; x_wconf 93' lang='lat' dir='ltr'>duo</span> <span class='ocrx_word' id='word_1_411' title='bbox 1358 3259 1489 3315; x_wconf 86' lang='lat' dir='ltr'>restrum,</span> <span class='ocrx_word' id='word_1_412' title='bbox 1502 3256 1556 3306; x_wconf 83' lang='lat' dir='ltr'>cle.</span> 
     </span>
     <span class='ocr_line' id='line_1_34' title="bbox 251 3330 1887 3413; baseline 0.003 -21"><span class='ocrx_word' id='word_1_413' title='bbox 251 3337 407 3408; x_wconf 87' lang='lat' dir='ltr'>episcopum</span> <span class='ocrx_word' id='word_1_414' title='bbox 432 3333 584 3391; x_wconf 83' lang='lat' dir='ltr'>taciendam</span> <span class='ocrx_word' id='word_1_415' title='bbox 610 3341 671 3404; x_wconf 89' lang='lat' dir='ltr'>post</span> <span class='ocrx_word' id='word_1_416' title='bbox 696 3333 903 3404; x_wconf 88' lang='lat' dir='ltr'>appellationem</span> <span class='ocrx_word' id='word_1_417' title='bbox 933 3330 967 3387; x_wconf 91' lang='lat' dir='ltr'>ad</span> <span class='ocrx_word' id='word_1_418' title='bbox 991 3346 1056 3388; x_wconf 45' lang='lat' dir='ltr'>nos*</span> <span class='ocrx_word' id='word_1_419' title='bbox 1127 3341 1224 3394; x_wconf 83' lang='lat' dir='ltr'>batum</span> <span class='ocrx_word' id='word_1_420' title='bbox 1240 3336 1378 3404; x_wconf 80' lang='lat' dir='ltr'>Laterani,</span> <span class='ocrx_word' id='word_1_421' title='bbox 1396 3355 1426 3395; x_wconf 93' lang='grc' dir='ltr'>ιιι</span> <span class='ocrx_word' id='word_1_422' title='bbox 1441 3340 1533 3398; x_wconf 83' lang='grc' dir='ltr'>Νοιιι</span> <span class='ocrx_word' id='word_1_423' title='bbox 1545 3339 1688 3408; x_wconf 67' lang='lat' dir='ltr'>ianuarii,</span> <span class='ocrx_word' id='word_1_424' title='bbox 1707 3341 1887 3413; x_wconf 80' lang='lat' dir='ltr'>pontificatus</span> 
     </span>
     <span class='ocr_line' id='line_1_35' title="bbox 251 3421 1510 3504; baseline -0.004 -22"><span class='ocrx_word' id='word_1_425' title='bbox 251 3427 371 3500; x_wconf 85' lang='lat' dir='ltr'>legitime</span> <span class='ocrx_word' id='word_1_426' title='bbox 391 3425 579 3496; x_wconf 84' lang='lat' dir='ltr'>interpositam</span> <span class='ocrx_word' id='word_1_427' title='bbox 600 3439 648 3495; x_wconf 91' lang='lat' dir='ltr'>pro</span> <span class='ocrx_word' id='word_1_428' title='bbox 661 3437 710 3480; x_wconf 87' lang='lat' dir='ltr'>sna</span> <span class='ocrx_word' id='word_1_429' title='bbox 730 3421 868 3477; x_wconf 78' lang='lat' dir='ltr'>uolutatate</span> <span class='ocrx_word' id='word_1_430' title='bbox 888 3422 1040 3492; x_wconf 87' lang='lat' dir='ltr'>processit,</span> <span class='ocrx_word' id='word_1_431' title='bbox 1092 3432 1179 3490; x_wconf 62' lang='lat' dir='ltr'>„oggi</span> <span class='ocrx_word' id='word_1_432' title='bbox 1195 3447 1268 3490; x_wconf 61' lang='lat' dir='ltr'>anno</span> <span class='ocrx_word' id='word_1_433' title='bbox 1281 3431 1388 3489; x_wconf 67' lang='lat' dir='ltr'>qeqpnq</span> <span class='ocrx_word' id='word_1_434' title='bbox 1403 3433 1510 3504; x_wconf 65' lang='lat' dir='ltr'>quiquo,</span> 
     </span>
     <span class='ocr_line' id='line_1_36' title="bbox 251 3511 1559 3589; baseline -0.006 -14"><span class='ocrx_word' id='word_1_435' title='bbox 251 3520 376 3589; x_wconf 86' lang='lat' dir='ltr'>personis</span> <span class='ocrx_word' id='word_1_436' title='bbox 398 3518 431 3574; x_wconf 91' lang='lat' dir='ltr'>ad</span> <span class='ocrx_word' id='word_1_437' title='bbox 452 3515 571 3587; x_wconf 81' lang='lat' dir='ltr'>ejusdem</span> <span class='ocrx_word' id='word_1_438' title='bbox 589 3514 790 3570; x_wconf 87' lang='lat' dir='ltr'>accusationem</span> <span class='ocrx_word' id='word_1_439' title='bbox 805 3511 930 3569; x_wconf 88' lang='lat' dir='ltr'>admissis</span> <span class='ocrx_word' id='word_1_440' title='bbox 942 3511 1042 3582; x_wconf 88' lang='lat' dir='ltr'>quibus</span> <span class='ocrx_word' id='word_1_441' title='bbox 1065 3523 1072 3532; x_wconf 83' lang='lat'><strong>·</strong></span> <span class='ocrx_word' id='word_1_442' title='bbox 1421 3522 1559 3582; x_wconf 67' lang='lat' dir='ltr'>exeunt,</span> 
     </span>
     <span class='ocr_line' id='line_1_37' title="bbox 251 3601 1650 3682; baseline -0.006 -17"><span class='ocrx_word' id='word_1_443' title='bbox 251 3609 426 3682; x_wconf 76' lang='lat' dir='ltr'>superinde</span> <span class='ocrx_word' id='word_1_444' title='bbox 447 3607 548 3678; x_wconf 88' lang='lat' dir='ltr'>quibus</span> <span class='ocrx_word' id='word_1_445' title='bbox 568 3619 660 3662; x_wconf 90' lang='lat' dir='ltr'>coram</span> <span class='ocrx_word' id='word_1_446' title='bbox 679 3603 738 3675; x_wconf 88' lang='lat' dir='ltr'>ipso</span> <span class='ocrx_word' id='word_1_447' title='bbox 753 3603 840 3675; x_wconf 88' lang='lat' dir='ltr'>legato</span> <span class='ocrx_word' id='word_1_448' title='bbox 853 3603 987 3659; x_wconf 89' lang='lat' dir='ltr'>inlumare</span> <span class='ocrx_word' id='word_1_449' title='bbox 999 3601 1043 3656; x_wconf 91' lang='lat' dir='ltr'>ni·</span> <span class='ocrx_word' id='word_1_450' title='bbox 1329 3627 1496 3672; x_wconf 62' lang='lat' dir='ltr'>mmmm,</span> <span class='ocrx_word' id='word_1_451' title='bbox 1514 3629 1650 3672; x_wconf 63' lang='lat' dir='ltr'>„150qu</span> 
     </span>
     <span class='ocr_line' id='line_1_38' title="bbox 253 3691 1880 3774; baseline -0.007 -18"><span class='ocrx_word' id='word_1_452' title='bbox 253 3701 382 3760; x_wconf 85' lang='lat' dir='ltr'>rebantur</span> <span class='ocrx_word' id='word_1_453' title='bbox 405 3699 530 3756; x_wconf 86' lang='lat' dir='ltr'>eamdem</span> <span class='ocrx_word' id='word_1_454' title='bbox 548 3695 704 3769; x_wconf 87' lang='lat' dir='ltr'>impositum</span> <span class='ocrx_word' id='word_1_455' title='bbox 722 3693 810 3750; x_wconf 89' lang='lat' dir='ltr'>luerat</span> <span class='ocrx_word' id='word_1_456' title='bbox 825 3693 889 3749; x_wconf 89' lang='lat' dir='ltr'>olim</span> <span class='ocrx_word' id='word_1_457' title='bbox 903 3691 1041 3748; x_wconf 87' lang='lat' dir='ltr'>silentium</span> <span class='ocrx_word' id='word_1_458' title='bbox 1092 3701 1239 3772; x_wconf 59' lang='lat' dir='ltr'>confirm,</span> <span class='ocrx_word' id='word_1_459' title='bbox 1248 3704 1464 3758; x_wconf 57' lang='lat' dir='ltr'>,gggqgggqgmm</span> <span class='ocrx_word' id='word_1_460' title='bbox 1474 3705 1617 3774; x_wconf 61' lang='lat' dir='ltr'>mmm,</span> <span class='ocrx_word' id='word_1_461' title='bbox 1629 3705 1756 3762; x_wconf 61' lang='lat' dir='ltr'>52,ngoe</span> <span class='ocrx_word' id='word_1_462' title='bbox 1762 3704 1880 3762; x_wconf 63' lang='lat' dir='ltr'>prm,</span> 
     </span>
     <span class='ocr_line' id='line_1_39' title="bbox 250 3782 1703 3866; baseline -0.008 -17"><span class='ocrx_word' id='word_1_463' title='bbox 250 3809 300 3864; x_wconf 87' lang='lat' dir='ltr'>per</span> <span class='ocrx_word' id='word_1_464' title='bbox 308 3791 444 3866; x_wconf 77' lang='lat' dir='ltr'>indicere</span> <span class='ocrx_word' id='word_1_465' title='bbox 464 3791 531 3848; x_wconf 87' lang='lat' dir='ltr'>sede</span> <span class='ocrx_word' id='word_1_466' title='bbox 550 3789 696 3860; x_wconf 85' lang='lat' dir='ltr'>apostoliea</span> <span class='ocrx_word' id='word_1_467' title='bbox 708 3787 857 3858; x_wconf 85' lang='lat' dir='ltr'>delegatos,</span> <span class='ocrx_word' id='word_1_468' title='bbox 875 3793 903 3840; x_wconf 91' lang='lat' dir='ltr'>ct</span> <span class='ocrx_word' id='word_1_469' title='bbox 922 3782 1040 3854; x_wconf 86' lang='lat' dir='ltr'>receptis</span> <span class='ocrx_word' id='word_1_470' title='bbox 1269 3790 1703 3866; x_wconf 64' lang='lat' dir='ltr'>(Lucerum,11u0g‚lanq„tj‚)</span> 
     </span>
     <span class='ocr_line' id='line_1_40' title="bbox 251 3879 1883 3958; baseline -0.006 -18"><span class='ocrx_word' id='word_1_471' title='bbox 251 3885 430 3942; x_wconf 76' lang='lat' dir='ltr'>nibilominus</span> <span class='ocrx_word' id='word_1_472' title='bbox 444 3883 604 3957; x_wconf 87' lang='lat' dir='ltr'>quibusdam</span> <span class='ocrx_word' id='word_1_473' title='bbox 617 3882 650 3935; x_wconf 88' lang='lat' dir='ltr'>ad</span> <span class='ocrx_word' id='word_1_474' title='bbox 668 3879 854 3936; x_wconf 90' lang='lat' dir='ltr'>testimoninm</span> <span class='ocrx_word' id='word_1_475' title='bbox 870 3887 964 3934; x_wconf 90' lang='lat' dir='ltr'>contra</span> <span class='ocrx_word' id='word_1_476' title='bbox 979 3891 1041 3932; x_wconf 91' lang='lat' dir='ltr'>enm</span> <span class='ocrx_word' id='word_1_477' title='bbox 1128 3882 1296 3940; x_wconf 71' lang='lat' dir='ltr'>Venerabilis</span> <span class='ocrx_word' id='word_1_478' title='bbox 1317 3883 1402 3940; x_wconf 65' lang='lat' dir='ltr'>irater</span> <span class='ocrx_word' id='word_1_479' title='bbox 1418 3892 1510 3940; x_wconf 68' lang='lat' dir='ltr'>noster</span> <span class='ocrx_word' id='word_1_480' title='bbox 1530 3883 1647 3942; x_wconf 69' lang='lat' dir='ltr'>pisanus</span> <span class='ocrx_word' id='word_1_481' title='bbox 1660 3886 1883 3958; x_wconf 67' lang='lat' dir='ltr'>apphiqptgqopqg</span> 
     </span>
     <span class='ocr_line' id='line_1_41' title="bbox 252 3968 1885 4050; baseline 0.001 -16"><span class='ocrx_word' id='word_1_482' title='bbox 252 3979 351 4034; x_wconf 86' lang='lat' dir='ltr'>urerilo</span> <span class='ocrx_word' id='word_1_483' title='bbox 363 3977 499 4048; x_wconf 90' lang='lat' dir='ltr'>suspectis</span> <span class='ocrx_word' id='word_1_484' title='bbox 514 3974 601 4029; x_wconf 89' lang='lat' dir='ltr'>eidem</span> <span class='ocrx_word' id='word_1_485' title='bbox 623 3981 652 4028; x_wconf 91' lang='lat' dir='ltr'>et</span> <span class='ocrx_word' id='word_1_486' title='bbox 676 3971 745 4026; x_wconf 89' lang='lat' dir='ltr'>allas</span> <span class='ocrx_word' id='word_1_487' title='bbox 764 3969 827 4041; x_wconf 79' lang='lat' dir='ltr'>lure</span> <span class='ocrx_word' id='word_1_488' title='bbox 848 3985 866 4030; x_wconf 89' lang='lat' dir='ltr'>a</span> <span class='ocrx_word' id='word_1_489' title='bbox 886 3968 1043 4026; x_wconf 88' lang='lat' dir='ltr'>testimonio</span> <span class='ocrx_word' id='word_1_490' title='bbox 1092 3988 1142 4044; x_wconf 93' lang='lat' dir='ltr'>per</span> <span class='ocrx_word' id='word_1_491' title='bbox 1160 3988 1223 4030; x_wconf 88' lang='lat' dir='ltr'>snas</span> <span class='ocrx_word' id='word_1_492' title='bbox 1237 3975 1317 4032; x_wconf 87' lang='lat' dir='ltr'>nobis</span> <span class='ocrx_word' id='word_1_493' title='bbox 1328 3974 1432 4032; x_wconf 90' lang='lat' dir='ltr'>litteras</span> <span class='ocrx_word' id='word_1_494' title='bbox 1447 3975 1583 4040; x_wconf 84' lang='lat' dir='ltr'>intimarit</span> <span class='ocrx_word' id='word_1_495' title='bbox 1592 3979 1666 4048; x_wconf 89' lang='lat' dir='ltr'>quod</span> <span class='ocrx_word' id='word_1_496' title='bbox 1680 3978 1709 4035; x_wconf 92' lang='lat' dir='ltr'>in</span> <span class='ocrx_word' id='word_1_497' title='bbox 1722 3980 1781 4050; x_wconf 79' lang='lat' dir='ltr'>ejus</span> <span class='ocrx_word' id='word_1_498' title='bbox 1792 3981 1885 4037; x_wconf 84' lang='lat' dir='ltr'>Eccle·</span> 
     </span>
     <span class='ocr_line' id='line_1_42' title="bbox 252 4062 1885 4144; baseline 0.001 -16"><span class='ocrx_word' id='word_1_499' title='bbox 252 4071 425 4144; x_wconf 89' lang='lat' dir='ltr'>repellendis.</span> <span class='ocrx_word' id='word_1_500' title='bbox 436 4069 494 4139; x_wconf 92' lang='lat' dir='ltr'>ipsa</span> <span class='ocrx_word' id='word_1_501' title='bbox 508 4081 615 4140; x_wconf 85' lang='lat' dir='ltr'>quoque</span> <span class='ocrx_word' id='word_1_502' title='bbox 625 4067 765 4138; x_wconf 87' lang='lat' dir='ltr'>inquisitio</span> <span class='ocrx_word' id='word_1_503' title='bbox 779 4064 874 4121; x_wconf 90' lang='lat' dir='ltr'>eodem</span> <span class='ocrx_word' id='word_1_504' title='bbox 888 4066 1001 4122; x_wconf 87' lang='lat' dir='ltr'>absente</span> <span class='ocrx_word' id='word_1_505' title='bbox 1015 4062 1042 4118; x_wconf 92' lang='lat' dir='ltr'>ln</span> <span class='ocrx_word' id='word_1_506' title='bbox 1093 4065 1133 4120; x_wconf 86' lang='lat' dir='ltr'>sia</span> <span class='ocrx_word' id='word_1_507' title='bbox 1145 4065 1195 4122; x_wconf 89' lang='lat' dir='ltr'>luit</span> <span class='ocrx_word' id='word_1_508' title='bbox 1211 4067 1244 4123; x_wconf 93' lang='lat' dir='ltr'>ab</span> <span class='ocrx_word' id='word_1_509' title='bbox 1259 4067 1378 4137; x_wconf 88' lang='lat' dir='ltr'>antiquis</span> <span class='ocrx_word' id='word_1_510' title='bbox 1388 4069 1556 4138; x_wconf 87' lang='lat' dir='ltr'>temporibus</span> <span class='ocrx_word' id='word_1_511' title='bbox 1567 4068 1741 4126; x_wconf 76' lang='lat' dir='ltr'>obseruatum</span> <span class='ocrx_word' id='word_1_512' title='bbox 1754 4080 1785 4126; x_wconf 89' lang='lat' dir='ltr'>ut</span> <span class='ocrx_word' id='word_1_513' title='bbox 1797 4073 1885 4130; x_wconf 90' lang='lat' dir='ltr'>nullus</span> 
     </span>
     <span class='ocr_line' id='line_1_43' title="bbox 250 4155 1886 4232; baseline 0.001 -14"><span class='ocrx_word' id='word_1_514' title='bbox 250 4161 313 4218; x_wconf 90' lang='lat' dir='ltr'>loco</span> <span class='ocrx_word' id='word_1_515' title='bbox 332 4159 383 4217; x_wconf 90' lang='lat' dir='ltr'>sibi</span> <span class='ocrx_word' id='word_1_516' title='bbox 406 4168 547 4231; x_wconf 88' lang='lat' dir='ltr'>suspecto,</span> <span class='ocrx_word' id='word_1_517' title='bbox 571 4166 662 4230; x_wconf 90' lang='lat' dir='ltr'>utpote</span> <span class='ocrx_word' id='word_1_518' title='bbox 684 4157 711 4214; x_wconf 92' lang='lat' dir='ltr'>in</span> <span class='ocrx_word' id='word_1_519' title='bbox 733 4171 787 4228; x_wconf 88' lang='lat' dir='ltr'>quo</span> <span class='ocrx_word' id='word_1_520' title='bbox 801 4155 1045 4212; x_wconf 82' lang='lat' dir='ltr'>eratiuimieoronr</span> <span class='ocrx_word' id='word_1_521' title='bbox 1095 4155 1122 4214; x_wconf 88' lang='grc' dir='ltr'>ιιι</span> <span class='ocrx_word' id='word_1_522' title='bbox 1136 4155 1300 4213; x_wconf 89' lang='lat' dir='ltr'>canonicum</span> <span class='ocrx_word' id='word_1_523' title='bbox 1315 4158 1482 4227; x_wconf 87' lang='lat' dir='ltr'>reciperetur</span> <span class='ocrx_word' id='word_1_524' title='bbox 1500 4158 1623 4227; x_wconf 79' lang='lat' dir='ltr'>eiusdem</span> <span class='ocrx_word' id='word_1_525' title='bbox 1636 4161 1688 4218; x_wconf 84' lang='lat' dir='ltr'>nisi</span> <span class='ocrx_word' id='word_1_526' title='bbox 1707 4162 1783 4232; x_wconf 89' lang='lat' dir='ltr'>prins</span> <span class='ocrx_word' id='word_1_527' title='bbox 1799 4163 1886 4220; x_wconf 78' lang='lat' dir='ltr'>cocle·</span> 
     </span>
     <span class='ocr_line' id='line_1_44' title="bbox 254 4243 1883 4324; baseline 0.001 -16"><span class='ocrx_word' id='word_1_528' title='bbox 254 4249 314 4322; x_wconf 80' lang='lat' dir='ltr'>elus</span> <span class='ocrx_word' id='word_1_529' title='bbox 329 4250 450 4321; x_wconf 89' lang='lat' dir='ltr'>potentia</span> <span class='ocrx_word' id='word_1_530' title='bbox 469 4257 497 4304; x_wconf 90' lang='lat' dir='ltr'>et</span> <span class='ocrx_word' id='word_1_531' title='bbox 511 4248 678 4318; x_wconf 75' lang='lat' dir='ltr'>nequeatis,</span> <span class='ocrx_word' id='word_1_532' title='bbox 696 4245 768 4303; x_wconf 90' lang='lat' dir='ltr'>lacta</span> <span class='ocrx_word' id='word_1_533' title='bbox 784 4245 851 4311; x_wconf 89' lang='lat' dir='ltr'>luit,</span> <span class='ocrx_word' id='word_1_534' title='bbox 875 4243 1044 4314; x_wconf 88' lang='lat' dir='ltr'>inquisitori·</span> <span class='ocrx_word' id='word_1_535' title='bbox 1094 4245 1162 4312; x_wconf 88' lang='lat' dir='ltr'>siis,</span> <span class='ocrx_word' id='word_1_536' title='bbox 1185 4246 1208 4302; x_wconf 92' lang='lat' dir='ltr'>si</span> <span class='ocrx_word' id='word_1_537' title='bbox 1224 4261 1294 4316; x_wconf 87' lang='lat' dir='ltr'>quas</span> <span class='ocrx_word' id='word_1_538' title='bbox 1307 4246 1420 4303; x_wconf 87' lang='lat' dir='ltr'>baberet</span> <span class='ocrx_word' id='word_1_539' title='bbox 1432 4246 1460 4302; x_wconf 94' lang='lat' dir='ltr'>in</span> <span class='ocrx_word' id='word_1_540' title='bbox 1473 4247 1571 4306; x_wconf 79' lang='lat' dir='ltr'>Pisana</span> <span class='ocrx_word' id='word_1_541' title='bbox 1589 4249 1712 4316; x_wconf 85' lang='lat' dir='ltr'>dioecesi,</span> <span class='ocrx_word' id='word_1_542' title='bbox 1727 4253 1883 4324; x_wconf 87' lang='lat' dir='ltr'>resignatis,</span> 
     </span>
     <span class='ocr_line' id='line_1_45' title="bbox 253 4336 1884 4416; baseline -0.001 -16"><span class='ocrx_word' id='word_1_543' title='bbox 253 4347 305 4400; x_wconf 87' lang='lat' dir='ltr'>bus</span> <span class='ocrx_word' id='word_1_544' title='bbox 319 4347 346 4400; x_wconf 93' lang='lat' dir='ltr'>ln</span> <span class='ocrx_word' id='word_1_545' title='bbox 361 4350 465 4415; x_wconf 89' lang='lat' dir='ltr'>partem</span> <span class='ocrx_word' id='word_1_546' title='bbox 486 4341 597 4397; x_wconf 87' lang='lat' dir='ltr'>alteram</span> <span class='ocrx_word' id='word_1_547' title='bbox 612 4339 680 4396; x_wconf 85' lang='lat' dir='ltr'>odeo</span> <span class='ocrx_word' id='word_1_548' title='bbox 692 4337 894 4396; x_wconf 73' lang='lat' dir='ltr'>declinantibus</span> <span class='ocrx_word' id='word_1_549' title='bbox 918 4345 947 4390; x_wconf 93' lang='grc' dir='ltr'>ιιι</span> <span class='ocrx_word' id='word_1_550' title='bbox 970 4336 1042 4390; x_wconf 92' lang='lat' dir='ltr'>dicta</span> <span class='ocrx_word' id='word_1_551' title='bbox 1093 4346 1125 4392; x_wconf 91' lang='lat' dir='ltr'>ot</span> <span class='ocrx_word' id='word_1_552' title='bbox 1139 4352 1188 4407; x_wconf 89' lang='lat' dir='ltr'>per</span> <span class='ocrx_word' id='word_1_553' title='bbox 1210 4339 1261 4394; x_wconf 87' lang='lat' dir='ltr'>boc</span> <span class='ocrx_word' id='word_1_554' title='bbox 1276 4339 1416 4394; x_wconf 90' lang='lat' dir='ltr'>subtracta</span> <span class='ocrx_word' id='word_1_555' title='bbox 1437 4339 1476 4394; x_wconf 91' lang='lat' dir='ltr'>cis</span> <span class='ocrx_word' id='word_1_556' title='bbox 1498 4339 1629 4410; x_wconf 84' lang='lat' dir='ltr'>evagandi</span> <span class='ocrx_word' id='word_1_557' title='bbox 1653 4342 1784 4410; x_wconf 91' lang='lat' dir='ltr'>materia,</span> <span class='ocrx_word' id='word_1_558' title='bbox 1807 4344 1884 4416; x_wconf 82' lang='lat' dir='ltr'>quasi</span> 
     </span>
     <span class='ocr_line' id='line_1_46' title="bbox 254 4427 1883 4509; baseline 0.001 -18"><span class='ocrx_word' id='word_1_559' title='bbox 254 4439 362 4496; x_wconf 82' lang='lat' dir='ltr'>restium</span> <span class='ocrx_word' id='word_1_560' title='bbox 378 4452 437 4509; x_wconf 77' lang='lat' dir='ltr'>qncc</span> <span class='ocrx_word' id='word_1_561' title='bbox 453 4449 501 4509; x_wconf 91' lang='lat' dir='ltr'>pro</span> <span class='ocrx_word' id='word_1_562' title='bbox 524 4435 581 4507; x_wconf 90' lang='lat' dir='ltr'>ipsu</span> <span class='ocrx_word' id='word_1_563' title='bbox 595 4434 683 4492; x_wconf 89' lang='lat' dir='ltr'>lacere</span> <span class='ocrx_word' id='word_1_564' title='bbox 697 4434 857 4490; x_wconf 86' lang='lat' dir='ltr'>ridebantur</span> <span class='ocrx_word' id='word_1_565' title='bbox 868 4441 916 4488; x_wconf 92' lang='lat' dir='ltr'>ant</span> <span class='ocrx_word' id='word_1_566' title='bbox 929 4432 1042 4488; x_wconf 84' lang='lat' dir='ltr'>ourrrino</span> <span class='ocrx_word' id='word_1_567' title='bbox 1058 4427 1080 4482; x_wconf 90' lang='lat' dir='ltr'>b</span> <span class='ocrx_word' id='word_1_568' title='bbox 1094 4431 1259 4486; x_wconf 89' lang='lat' dir='ltr'>necessitate</span> <span class='ocrx_word' id='word_1_569' title='bbox 1275 4431 1433 4501; x_wconf 89' lang='lat' dir='ltr'>interposita</span> <span class='ocrx_word' id='word_1_570' title='bbox 1448 4432 1605 4499; x_wconf 88' lang='lat' dir='ltr'>residendi,</span> <span class='ocrx_word' id='word_1_571' title='bbox 1620 4434 1715 4504; x_wconf 83' lang='lat' dir='ltr'>sedula</span> <span class='ocrx_word' id='word_1_572' title='bbox 1727 4434 1779 4508; x_wconf 89' lang='lat' dir='ltr'>ipsi</span> <span class='ocrx_word' id='word_1_573' title='bbox 1793 4436 1883 4494; x_wconf 90' lang='lat' dir='ltr'>Eccle-</span> 
     </span>
     <span class='ocr_line' id='line_1_47' title="bbox 254 4519 1884 4599; baseline 0.002 -18"><span class='ocrx_word' id='word_1_574' title='bbox 254 4540 307 4583; x_wconf 87' lang='lat' dir='ltr'>non</span> <span class='ocrx_word' id='word_1_575' title='bbox 334 4527 502 4593; x_wconf 90' lang='lat' dir='ltr'>scriberent,</span> <span class='ocrx_word' id='word_1_576' title='bbox 524 4536 572 4582; x_wconf 89' lang='lat' dir='ltr'>aot</span> <span class='ocrx_word' id='word_1_577' title='bbox 595 4523 746 4581; x_wconf 88' lang='lat' dir='ltr'>scribentes</span> <span class='ocrx_word' id='word_1_578' title='bbox 774 4523 923 4580; x_wconf 91' lang='lat' dir='ltr'>mutatione</span> <span class='ocrx_word' id='word_1_579' title='bbox 951 4521 1043 4592; x_wconf 90' lang='lat' dir='ltr'>aliqna</span> <span class='ocrx_word' id='word_1_580' title='bbox 1094 4519 1141 4576; x_wconf 80' lang='lat' dir='ltr'>elur</span> <span class='ocrx_word' id='word_1_581' title='bbox 1154 4519 1283 4592; x_wconf 87' lang='lat' dir='ltr'>obsequia</span> <span class='ocrx_word' id='word_1_582' title='bbox 1292 4521 1464 4578; x_wconf 78' lang='lat' dir='ltr'>exhiberent.</span> <span class='ocrx_word' id='word_1_583' title='bbox 1479 4522 1556 4578; x_wconf 87' lang='lat' dir='ltr'>Nunc</span> <span class='ocrx_word' id='word_1_584' title='bbox 1568 4532 1659 4580; x_wconf 88' lang='lat' dir='ltr'>autem</span> <span class='ocrx_word' id='word_1_585' title='bbox 1676 4527 1884 4599; x_wconf 83' lang='lat' dir='ltr'>canoniciejos·</span> 
     </span>
     <span class='ocr_line' id='line_1_48' title="bbox 253 4612 1885 4693; baseline 0.003 -20"><span class='ocrx_word' id='word_1_586' title='bbox 253 4619 444 4691; x_wconf 80' lang='lat' dir='ltr'>depravarent.</span> <span class='ocrx_word' id='word_1_587' title='bbox 460 4619 537 4676; x_wconf 89' lang='lat' dir='ltr'>Unde</span> <span class='ocrx_word' id='word_1_588' title='bbox 561 4617 639 4674; x_wconf 90' lang='lat' dir='ltr'>uobis</span> <span class='ocrx_word' id='word_1_589' title='bbox 655 4617 725 4672; x_wconf 91' lang='lat' dir='ltr'>idem</span> <span class='ocrx_word' id='word_1_590' title='bbox 741 4616 884 4687; x_wconf 86' lang='lat' dir='ltr'>episcopus</span> <span class='ocrx_word' id='word_1_591' title='bbox 905 4615 1044 4670; x_wconf 89' lang='lat' dir='ltr'>humiliter</span> <span class='ocrx_word' id='word_1_592' title='bbox 1094 4614 1155 4686; x_wconf 85' lang='lat' dir='ltr'>dem</span> <span class='ocrx_word' id='word_1_593' title='bbox 1179 4612 1309 4670; x_wconf 75' lang='lat' dir='ltr'>Ecclesia</span> <span class='ocrx_word' id='word_1_594' title='bbox 1332 4625 1485 4685; x_wconf 84' lang='lat' dir='ltr'>quaerentes</span> <span class='ocrx_word' id='word_1_595' title='bbox 1509 4632 1570 4688; x_wconf 73' lang='grc' dir='ltr'>ιιι</span> <span class='ocrx_word' id='word_1_596' title='bbox 1590 4633 1640 4675; x_wconf 87' lang='lat' dir='ltr'>sua</span> <span class='ocrx_word' id='word_1_597' title='bbox 1662 4630 1736 4690; x_wconf 87' lang='lat' dir='ltr'>sunt,</span> <span class='ocrx_word' id='word_1_598' title='bbox 1752 4635 1806 4677; x_wconf 93' lang='lat' dir='ltr'>non</span> <span class='ocrx_word' id='word_1_599' title='bbox 1824 4637 1885 4693; x_wconf 86' lang='lat' dir='ltr'>quac</span> 
     </span>
     <span class='ocr_line' id='line_1_49' title="bbox 254 4707 1885 4784; baseline 0.002 -18"><span class='ocrx_word' id='word_1_600' title='bbox 254 4709 417 4781; x_wconf 86' lang='lat' dir='ltr'>supplicarit</span> <span class='ocrx_word' id='word_1_601' title='bbox 430 4717 460 4766; x_wconf 91' lang='grc' dir='ltr'>ιιι</span> <span class='ocrx_word' id='word_1_602' title='bbox 474 4711 559 4781; x_wconf 90' lang='lat' dir='ltr'>ipsios</span> <span class='ocrx_word' id='word_1_603' title='bbox 573 4707 653 4780; x_wconf 85' lang='lat' dir='ltr'>legati</span> <span class='ocrx_word' id='word_1_604' title='bbox 674 4721 831 4780; x_wconf 89' lang='lat' dir='ltr'>processum</span> <span class='ocrx_word' id='word_1_605' title='bbox 847 4716 974 4778; x_wconf 91' lang='lat' dir='ltr'>tanquam</span> <span class='ocrx_word' id='word_1_606' title='bbox 992 4707 1043 4763; x_wconf 92' lang='lat' dir='ltr'>ini-</span> <span class='ocrx_word' id='word_1_607' title='bbox 1094 4708 1208 4776; x_wconf 77' lang='lat' dir='ltr'>Ebristi,</span> <span class='ocrx_word' id='word_1_608' title='bbox 1233 4725 1283 4780; x_wconf 86' lang='lat' dir='ltr'>per</span> <span class='ocrx_word' id='word_1_609' title='bbox 1311 4709 1414 4766; x_wconf 88' lang='lat' dir='ltr'>amicos</span> <span class='ocrx_word' id='word_1_610' title='bbox 1430 4724 1496 4766; x_wconf 90' lang='lat' dir='ltr'>suos</span> <span class='ocrx_word' id='word_1_611' title='bbox 1522 4711 1666 4768; x_wconf 86' lang='lat' dir='ltr'>ambitiose</span> <span class='ocrx_word' id='word_1_612' title='bbox 1685 4722 1833 4784; x_wconf 84' lang='lat' dir='ltr'>procurant</span> <span class='ocrx_word' id='word_1_613' title='bbox 1855 4723 1885 4770; x_wconf 91' lang='lat' dir='ltr'>ut</span> 
     </span>
     <span class='ocr_line' id='line_1_50' title="bbox 255 4799 1883 4873; baseline 0 -15"><span class='ocrx_word' id='word_1_614' title='bbox 255 4817 337 4873; x_wconf 85' lang='lat' dir='ltr'>quum</span> <span class='ocrx_word' id='word_1_615' title='bbox 351 4803 456 4873; x_wconf 91' lang='lat' dir='ltr'>penitus</span> <span class='ocrx_word' id='word_1_616' title='bbox 469 4811 639 4865; x_wconf 84' lang='lat' dir='ltr'>reuocantes,</span> <span class='ocrx_word' id='word_1_617' title='bbox 654 4801 793 4872; x_wconf 87' lang='lat' dir='ltr'>negotium</span> <span class='ocrx_word' id='word_1_618' title='bbox 817 4799 904 4871; x_wconf 91' lang='lat' dir='ltr'>ipsum</span> <span class='ocrx_word' id='word_1_619' title='bbox 919 4799 1046 4870; x_wconf 87' lang='lat' dir='ltr'>personis</span> <span class='ocrx_word' id='word_1_620' title='bbox 1094 4801 1129 4856; x_wconf 91' lang='lat' dir='ltr'>ad</span> <span class='ocrx_word' id='word_1_621' title='bbox 1141 4799 1271 4856; x_wconf 88' lang='lat' dir='ltr'>ecelesias</span> <span class='ocrx_word' id='word_1_622' title='bbox 1283 4815 1352 4872; x_wconf 91' lang='lat' dir='ltr'>quas</span> <span class='ocrx_word' id='word_1_623' title='bbox 1368 4800 1394 4855; x_wconf 90' lang='lat' dir='ltr'>in</span> <span class='ocrx_word' id='word_1_624' title='bbox 1408 4799 1521 4871; x_wconf 73' lang='lat' dir='ltr'>praelata</span> <span class='ocrx_word' id='word_1_625' title='bbox 1536 4801 1647 4858; x_wconf 83' lang='lat' dir='ltr'>dicecesi</span> <span class='ocrx_word' id='word_1_626' title='bbox 1663 4817 1763 4860; x_wconf 82' lang='lat' dir='ltr'>cacare</span> <span class='ocrx_word' id='word_1_627' title='bbox 1776 4806 1883 4860; x_wconf 89' lang='lat' dir='ltr'>contin·</span> 
     </span>
     <span class='ocr_line' id='line_1_51' title="bbox 254 4891 1882 4968; baseline 0.004 -22"><span class='ocrx_word' id='word_1_628' title='bbox 254 4893 408 4962; x_wconf 87' lang='lat' dir='ltr'>suspicione</span> <span class='ocrx_word' id='word_1_629' title='bbox 422 4893 588 4958; x_wconf 89' lang='lat' dir='ltr'>carentibus,</span> <span class='ocrx_word' id='word_1_630' title='bbox 600 4891 778 4961; x_wconf 61' lang='lat' dir='ltr'>Gnertiosselos</span> <span class='ocrx_word' id='word_1_631' title='bbox 792 4903 819 4947; x_wconf 92' lang='lat' dir='ltr'>ct</span> <span class='ocrx_word' id='word_1_632' title='bbox 831 4891 961 4949; x_wconf 77' lang='lat' dir='ltr'>Ecclesia</span> <span class='ocrx_word' id='word_1_633' title='bbox 976 4907 1042 4956; x_wconf 75' lang='lat' dir='ltr'>suar,</span> <span class='ocrx_word' id='word_1_634' title='bbox 1094 4893 1133 4964; x_wconf 89' lang='lat' dir='ltr'>git</span> <span class='ocrx_word' id='word_1_635' title='bbox 1147 4893 1352 4948; x_wconf 88' lang='lat' dir='ltr'>contradictum</span> <span class='ocrx_word' id='word_1_636' title='bbox 1364 4893 1588 4950; x_wconf 87' lang='lat' dir='ltr'>consuetudinem</span> <span class='ocrx_word' id='word_1_637' title='bbox 1602 4895 1747 4968; x_wconf 88' lang='lat' dir='ltr'>eligantur.</span> <span class='ocrx_word' id='word_1_638' title='bbox 1764 4897 1882 4968; x_wconf 83' lang='lat' dir='ltr'>Propter</span> 
     </span>
     <span class='ocr_line' id='line_1_52' title="bbox 255 4984 1884 5059; baseline 0.004 -20"><span class='ocrx_word' id='word_1_639' title='bbox 255 4992 286 5040; x_wconf 88' lang='grc' dir='ltr'>ιιι</span> <span class='ocrx_word' id='word_1_640' title='bbox 301 4988 409 5048; x_wconf 87' lang='lat' dir='ltr'>asserit,</span> <span class='ocrx_word' id='word_1_641' title='bbox 432 4995 606 5055; x_wconf 89' lang='lat' dir='ltr'>persecutore</span> <span class='ocrx_word' id='word_1_642' title='bbox 620 4984 762 5043; x_wconf 88' lang='lat' dir='ltr'>notissimo</span> <span class='ocrx_word' id='word_1_643' title='bbox 788 4985 902 5055; x_wconf 78' lang='lat' dir='ltr'>alliaque</span> <span class='ocrx_word' id='word_1_644' title='bbox 918 4985 1044 5055; x_wconf 87' lang='lat' dir='ltr'>personis</span> <span class='ocrx_word' id='word_1_645' title='bbox 1094 4988 1167 5059; x_wconf 90' lang='lat' dir='ltr'>qnod</span> <span class='ocrx_word' id='word_1_646' title='bbox 1180 4985 1281 5042; x_wconf 86' lang='lat' dir='ltr'>Pisana</span> <span class='ocrx_word' id='word_1_647' title='bbox 1296 4986 1417 5044; x_wconf 89' lang='lat' dir='ltr'>Ecclesia</span> <span class='ocrx_word' id='word_1_648' title='bbox 1428 4987 1527 5043; x_wconf 87' lang='lat' dir='ltr'>debitis</span> <span class='ocrx_word' id='word_1_649' title='bbox 1541 4987 1683 5058; x_wconf 87' lang='lat' dir='ltr'>obsequiis</span> <span class='ocrx_word' id='word_1_650' title='bbox 1695 4989 1884 5055; x_wconf 77' lang='lat' dir='ltr'>defraudatur,</span> 
     </span>
     <span class='ocr_line' id='line_1_53' title="bbox 254 5074 1886 5151; baseline 0.004 -21"><span class='ocrx_word' id='word_1_651' title='bbox 254 5076 354 5131; x_wconf 87' lang='lat' dir='ltr'>merito</span> <span class='ocrx_word' id='word_1_652' title='bbox 368 5075 501 5145; x_wconf 88' lang='lat' dir='ltr'>suspectis</span> <span class='ocrx_word' id='word_1_653' title='bbox 514 5074 602 5131; x_wconf 87' lang='lat' dir='ltr'>eidem</span> <span class='ocrx_word' id='word_1_654' title='bbox 625 5086 679 5132; x_wconf 89' lang='lat' dir='ltr'>tam</span> <span class='ocrx_word' id='word_1_655' title='bbox 694 5094 709 5134; x_wconf 91' lang='lat' dir='ltr'>a</span> <span class='ocrx_word' id='word_1_656' title='bbox 732 5077 888 5136; x_wconf 89' lang='lat' dir='ltr'>testimonio</span> <span class='ocrx_word' id='word_1_657' title='bbox 901 5092 981 5148; x_wconf 80' lang='lat' dir='ltr'>qurum</span> <span class='ocrx_word' id='word_1_658' title='bbox 998 5091 1044 5131; x_wconf 91' lang='lat' dir='ltr'>ae·</span> <span class='ocrx_word' id='word_1_659' title='bbox 1094 5087 1122 5138; x_wconf 92' lang='lat' dir='ltr'>et</span> <span class='ocrx_word' id='word_1_660' title='bbox 1134 5093 1199 5151; x_wconf 89' lang='lat' dir='ltr'>erga</span> <span class='ocrx_word' id='word_1_661' title='bbox 1213 5093 1274 5134; x_wconf 92' lang='lat' dir='ltr'>eam</span> <span class='ocrx_word' id='word_1_662' title='bbox 1286 5077 1377 5150; x_wconf 94' lang='lat' dir='ltr'>populi</span> <span class='ocrx_word' id='word_1_663' title='bbox 1400 5079 1508 5136; x_wconf 89' lang='lat' dir='ltr'>derotlo</span> <span class='ocrx_word' id='word_1_664' title='bbox 1521 5078 1684 5149; x_wconf 83' lang='lat' dir='ltr'>relrigescit.</span> <span class='ocrx_word' id='word_1_665' title='bbox 1711 5079 1789 5138; x_wconf 88' lang='lat' dir='ltr'>llnde</span> <span class='ocrx_word' id='word_1_666' title='bbox 1806 5081 1886 5136; x_wconf 89' lang='lat' dir='ltr'>nobis</span> 
     </span>
     <span class='ocr_line' id='line_1_54' title="bbox 255 5166 1883 5243; baseline 0.001 -19"><span class='ocrx_word' id='word_1_667' title='bbox 255 5168 413 5235; x_wconf 89' lang='lat' dir='ltr'>cusatiouc,</span> <span class='ocrx_word' id='word_1_668' title='bbox 427 5166 614 5226; x_wconf 78' lang='lat' dir='ltr'>diffamatione</span> <span class='ocrx_word' id='word_1_669' title='bbox 632 5170 676 5227; x_wconf 82' lang='lat' dir='ltr'>rel</span> <span class='ocrx_word' id='word_1_670' title='bbox 694 5172 896 5228; x_wconf 89' lang='lat' dir='ltr'>denuntiatione</span> <span class='ocrx_word' id='word_1_671' title='bbox 910 5168 1046 5241; x_wconf 86' lang='lat' dir='ltr'>repulsis,</span> <span class='ocrx_word' id='word_1_672' title='bbox 1094 5169 1233 5226; x_wconf 90' lang='lat' dir='ltr'>humiliter</span> <span class='ocrx_word' id='word_1_673' title='bbox 1259 5168 1419 5240; x_wconf 81' lang='lat' dir='ltr'>supplicarit</span> <span class='ocrx_word' id='word_1_674' title='bbox 1438 5181 1467 5228; x_wconf 92' lang='lat' dir='ltr'>ut</span> <span class='ocrx_word' id='word_1_675' title='bbox 1488 5174 1522 5229; x_wconf 78' lang='lat' dir='ltr'>V.</span> <span class='ocrx_word' id='word_1_676' title='bbox 1543 5173 1643 5229; x_wconf 80' lang='lat' dir='ltr'>Pisano</span> <span class='ocrx_word' id='word_1_677' title='bbox 1665 5171 1813 5237; x_wconf 80' lang='lat' dir='ltr'>canordeo,</span> <span class='ocrx_word' id='word_1_678' title='bbox 1837 5171 1883 5243; x_wconf 91' lang='lat' dir='ltr'>qui</span> 
     </span>
     <span class='ocr_line' id='line_1_55' title="bbox 255 5259 1883 5333; baseline 0.002 -18"><span class='ocrx_word' id='word_1_679' title='bbox 255 5261 426 5317; x_wconf 88' lang='lat' dir='ltr'>committere</span> <span class='ocrx_word' id='word_1_680' title='bbox 440 5261 623 5333; x_wconf 79' lang='lat' dir='ltr'>dignaremur.</span> <span class='ocrx_word' id='word_1_681' title='bbox 1094 5269 1235 5329; x_wconf 90' lang='lat' dir='ltr'>unperest</span> <span class='ocrx_word' id='word_1_682' title='bbox 1255 5259 1281 5314; x_wconf 92' lang='lat' dir='ltr'>iu</span> <span class='ocrx_word' id='word_1_683' title='bbox 1301 5261 1444 5332; x_wconf 90' lang='lat' dir='ltr'>plebanum</span> <span class='ocrx_word' id='word_1_684' title='bbox 1464 5263 1593 5320; x_wconf 79' lang='lat' dir='ltr'>Ecclesia</span> <span class='ocrx_word' id='word_1_685' title='bbox 1614 5263 1755 5320; x_wconf 80' lang='lat' dir='ltr'>calcensis</span> <span class='ocrx_word' id='word_1_686' title='bbox 1768 5264 1883 5329; x_wconf 85' lang='lat' dir='ltr'>electus,</span> 
     </span>
     <span class='ocr_line' id='line_1_56' title="bbox 291 5349 1884 5428; baseline 0.003 -22"><span class='ocrx_word' id='word_1_687' title='bbox 291 5349 425 5418; x_wconf 83' lang='lat' dir='ltr'>Quoniam</span> <span class='ocrx_word' id='word_1_688' title='bbox 441 5354 522 5427; x_wconf 86' lang='lat' dir='ltr'>igitur</span> <span class='ocrx_word' id='word_1_689' title='bbox 537 5355 571 5413; x_wconf 85' lang='lat' dir='ltr'>ab</span> <span class='ocrx_word' id='word_1_690' title='bbox 592 5357 677 5427; x_wconf 85' lang='lat' dir='ltr'>ipsius</span> <span class='ocrx_word' id='word_1_691' title='bbox 695 5357 814 5428; x_wconf 92' lang='lat' dir='ltr'>episcopi</span> <span class='ocrx_word' id='word_1_692' title='bbox 828 5355 911 5427; x_wconf 80' lang='lat' dir='ltr'>justis</span> <span class='ocrx_word' id='word_1_693' title='bbox 923 5354 1049 5427; x_wconf 77' lang='lat' dir='ltr'>querelis,</span> <span class='ocrx_word' id='word_1_694' title='bbox 1094 5367 1177 5422; x_wconf 87' lang='lat' dir='ltr'>super</span> <span class='ocrx_word' id='word_1_695' title='bbox 1189 5352 1283 5408; x_wconf 82' lang='lat' dir='ltr'>eadent</span> <span class='ocrx_word' id='word_1_696' title='bbox 1303 5353 1442 5410; x_wconf 90' lang='lat' dir='ltr'>silentium</span> <span class='ocrx_word' id='word_1_697' title='bbox 1462 5356 1642 5426; x_wconf 91' lang='lat' dir='ltr'>imponentes,</span> <span class='ocrx_word' id='word_1_698' title='bbox 1662 5354 1803 5426; x_wconf 76' lang='lat' dir='ltr'>praelatam</span> <span class='ocrx_word' id='word_1_699' title='bbox 1820 5371 1884 5412; x_wconf 85' lang='lat' dir='ltr'>corr-</span> 
     </span>
     <span class='ocr_line' id='line_1_57' title="bbox 254 5445 1884 5520; baseline 0.002 -22"><span class='ocrx_word' id='word_1_700' title='bbox 254 5452 282 5498; x_wconf 91' lang='lat' dir='ltr'>et</span> <span class='ocrx_word' id='word_1_701' title='bbox 306 5445 432 5515; x_wconf 86' lang='lat' dir='ltr'>precibus</span> <span class='ocrx_word' id='word_1_702' title='bbox 454 5447 576 5505; x_wconf 88' lang='lat' dir='ltr'>auditum</span> <span class='ocrx_word' id='word_1_703' title='bbox 602 5459 726 5506; x_wconf 77' lang='lat' dir='ltr'>avertere</span> <span class='ocrx_word' id='word_1_704' title='bbox 750 5465 801 5507; x_wconf 92' lang='lat' dir='ltr'>nec</span> <span class='ocrx_word' id='word_1_705' title='bbox 825 5464 968 5520; x_wconf 88' lang='lat' dir='ltr'>possumus</span> <span class='ocrx_word' id='word_1_706' title='bbox 994 5462 1044 5503; x_wconf 90' lang='lat' dir='ltr'>nec</span> <span class='ocrx_word' id='word_1_707' title='bbox 1094 5445 1263 5501; x_wconf 83' lang='lat' dir='ltr'>suetudinem</span> <span class='ocrx_word' id='word_1_708' title='bbox 1285 5446 1425 5502; x_wconf 82' lang='lat' dir='ltr'>observari</span> <span class='ocrx_word' id='word_1_709' title='bbox 1444 5447 1560 5504; x_wconf 84' lang='lat' dir='ltr'>tirmiter</span> <span class='ocrx_word' id='word_1_710' title='bbox 1580 5448 1884 5518; x_wconf 77' lang='lat' dir='ltr'>laceremus3prareer-</span> 
     </span>
     <span class='ocr_line' id='line_1_58' title="bbox 255 5534 1884 5611; baseline 0.002 -19"><span class='ocrx_word' id='word_1_711' title='bbox 255 5534 471 5609; x_wconf 86' lang='lat' dir='ltr'>debernns,qoos</span> <span class='ocrx_word' id='word_1_712' title='bbox 483 5547 613 5611; x_wconf 78' lang='lat' dir='ltr'>susceptae</span> <span class='ocrx_word' id='word_1_713' title='bbox 624 5540 762 5596; x_wconf 86' lang='lat' dir='ltr'>servitutis</span> <span class='ocrx_word' id='word_1_714' title='bbox 774 5539 891 5597; x_wconf 85' lang='lat' dir='ltr'>officium</span> <span class='ocrx_word' id='word_1_715' title='bbox 904 5537 1045 5596; x_wconf 85' lang='lat' dir='ltr'>debitores</span> <span class='ocrx_word' id='word_1_716' title='bbox 1096 5539 1144 5594; x_wconf 91' lang='lat' dir='ltr'>tim</span> <span class='ocrx_word' id='word_1_717' title='bbox 1158 5554 1221 5596; x_wconf 91' lang='lat' dir='ltr'>cum</span> <span class='ocrx_word' id='word_1_718' title='bbox 1241 5555 1274 5595; x_wconf 85' lang='lat' dir='ltr'>ex</span> <span class='ocrx_word' id='word_1_719' title='bbox 1295 5539 1424 5597; x_wconf 85' lang='lat' dir='ltr'>Ecclesiae</span> <span class='ocrx_word' id='word_1_720' title='bbox 1441 5540 1546 5596; x_wconf 72' lang='lat' dir='ltr'>Pisana</span> <span class='ocrx_word' id='word_1_721' title='bbox 1565 5541 1740 5611; x_wconf 83' lang='lat' dir='ltr'>proventibus</span> <span class='ocrx_word' id='word_1_722' title='bbox 1760 5538 1884 5608; x_wconf 80' lang='lat' dir='ltr'>ejusdem</span> 
     </span>
     <span class='ocr_line' id='line_1_59' title="bbox 258 5623 1885 5704; baseline 0.003 -26"><span class='ocrx_word' id='word_1_723' title='bbox 258 5626 400 5683; x_wconf 89' lang='lat' dir='ltr'>constituit</span> <span class='ocrx_word' id='word_1_724' title='bbox 412 5631 560 5698; x_wconf 78' lang='lat' dir='ltr'>universis,</span> <span class='ocrx_word' id='word_1_725' title='bbox 574 5632 735 5688; x_wconf 88' lang='lat' dir='ltr'>mandamus</span> <span class='ocrx_word' id='word_1_726' title='bbox 749 5639 884 5702; x_wconf 89' lang='lat' dir='ltr'>quatenus</span> <span class='ocrx_word' id='word_1_727' title='bbox 900 5623 1056 5700; x_wconf 78' lang='lat' dir='ltr'>assignatis</span> <span class='ocrx_word' id='word_1_728' title='bbox 1095 5631 1218 5687; x_wconf 84' lang='lat' dir='ltr'>canonici</span> <span class='ocrx_word' id='word_1_729' title='bbox 1230 5631 1338 5686; x_wconf 86' lang='lat' dir='ltr'>raleaut</span> <span class='ocrx_word' id='word_1_730' title='bbox 1350 5646 1469 5704; x_wconf 90' lang='lat' dir='ltr'>congrue</span> <span class='ocrx_word' id='word_1_731' title='bbox 1483 5635 1643 5690; x_wconf 88' lang='lat' dir='ltr'>sustentari.</span> <span class='ocrx_word' id='word_1_732' title='bbox 1657 5631 1793 5701; x_wconf 78' lang='lat' dir='ltr'>Quocirca</span> <span class='ocrx_word' id='word_1_733' title='bbox 1806 5645 1885 5685; x_wconf 90' lang='lat' dir='ltr'>man·</span> 
     </span>
     <span class='ocr_line' id='line_1_60' title="bbox 257 5713 1884 5797; baseline 0.006 -27"><span class='ocrx_word' id='word_1_734' title='bbox 257 5713 345 5772; x_wconf 87' lang='lat' dir='ltr'>eidem</span> <span class='ocrx_word' id='word_1_735' title='bbox 362 5718 489 5788; x_wconf 88' lang='lat' dir='ltr'>episcopo</span> <span class='ocrx_word' id='word_1_736' title='bbox 508 5719 567 5778; x_wconf 91' lang='lat' dir='ltr'>loco</span> <span class='ocrx_word' id='word_1_737' title='bbox 579 5732 606 5780; x_wconf 91' lang='lat' dir='ltr'>ct</span> <span class='ocrx_word' id='word_1_738' title='bbox 618 5721 733 5779; x_wconf 87' lang='lat' dir='ltr'>termino</span> <span class='ocrx_word' id='word_1_739' title='bbox 747 5722 926 5792; x_wconf 82' lang='lat' dir='ltr'>conrpctenti,</span> <span class='ocrx_word' id='word_1_740' title='bbox 945 5733 970 5778; x_wconf 87' lang='lat' dir='ltr'>ct</span> <span class='ocrx_word' id='word_1_741' title='bbox 994 5737 1042 5776; x_wconf 83' lang='lat' dir='ltr'>uo·</span> <span class='ocrx_word' id='word_1_742' title='bbox 1098 5723 1193 5779; x_wconf 83' lang='lat' dir='ltr'>damus</span> <span class='ocrx_word' id='word_1_743' title='bbox 1206 5733 1341 5794; x_wconf 81' lang='lat' dir='ltr'>quatenus</span> <span class='ocrx_word' id='word_1_744' title='bbox 1354 5725 1469 5783; x_wconf 88' lang='lat' dir='ltr'>sollicite</span> <span class='ocrx_word' id='word_1_745' title='bbox 1483 5727 1517 5784; x_wconf 88' lang='lat' dir='ltr'>de</span> <span class='ocrx_word' id='word_1_746' title='bbox 1529 5725 1728 5788; x_wconf 86' lang='lat' dir='ltr'>consuetudine</span> <span class='ocrx_word' id='word_1_747' title='bbox 1741 5724 1884 5797; x_wconf 85' lang='lat' dir='ltr'>inquirent</span> 
     </span>
    </p>
   </div>
   <div class='ocr_carea' id='block_1_3' title="bbox 0 0 2063 6324">
    <p class='ocr_par' dir='ltr' id='par_1_3' title="bbox 0 0 2063 6324">
     <span class='ocr_line' id='line_1_61' title="bbox 0 0 2063 6324; baseline 0 0"><span class='ocrx_word' id='word_1_748' title='bbox 0 0 2063 6324; x_wconf 95' lang='lat' dir='ltr'> </span> 
     </span>
    </p>
   </div>
  </div>
 </body>
</html>
