4109 6325
139 396 198 454 ,111
614 380 873 442 hohrtttcnvtts
889 378 985 437 attho
1005 378 1062 445 xit,
1081 375 1218 435 cuhtstt
1238 371 1319 432 ttod:
1732 371 1785 429 ll!

142 508 240 583 posuit
257 504 338 561 annis
351 502 465 573 singuiis
482 506 588 557 certam
603 500 679 557 vohis
700 499 807 556 solvere
832 496 939 569 pensio·
955 500 978 557 Α
993 496 1167 559 resistentes,
1189 493 1276 548 donec
1297 491 1419 562 ipsorum
1443 485 1573 559 spurcitia
1597 483 1710 549 victrice
1736 484 1784 542 hei

146 616 212 657 netu
231 598 301 671 (ιι).
316 596 371 651 Pro
387 597 446 670 ipso
467 594 550 666 igitur
568 602 597 650 et
617 608 678 649 cum
698 593 757 663 ipso
779 587 940 647 beatitudini
994 587 1107 643 dextera
1132 583 1338 652 comprimatur.
1363 578 1476 650 oportet
1498 575 1631 647 siquidem
1653 589 1698 631 me
1720 589 1786 635 cott-

147 703 352 763 restrnpreees
365 686 505 745 oderimus
518 685 634 743 humiles
646 694 673 743 et
685 685 797 741 denotas
808 691 942 753 qnatenus
993 676 1095 733 ducere
1106 673 1242 731 soldarios
1255 672 1302 741 oui
1320 684 1426 725 mecum
1441 674 1632 724 remanserunt
1646 664 1785 738 grandiori

146 786 177 841 in
195 784 254 841 suis
267 779 458 853 petitionibus,
471 793 542 849 opas
557 776 641 833 laeiet
657 790 705 847 per
721 775 855 831 solennes
871 789 942 829 nun-
993 768 1082 839 pretio
1100 779 1182 836 quant
1198 762 1226 819 in
1244 762 1304 817 aliis
1318 760 1434 833 guerris.
1458 758 1507 813 lis
1521 760 1596 815 enim
1610 772 1719 829 possum
1735 757 1787 812 ali-

149 878 204 933 tios
214 874 260 944 qui
273 881 395 942 suntpro
405 884 438 925 ιο
450 871 484 927 ad
496 870 588 925 sedent
600 867 778 939 apostolicam
792 867 942 931 accessuri,
993 873 1063 931 qnos
1078 857 1197 914 retinere
1213 852 1266 909 nisi
1287 850 1386 921 duplici
1405 856 1612 906 remunerentur
1628 863 1789 904 remunera·

148 982 213 1023 eum
226 964 304 1022 solita
319 964 420 1032 pietate
440 960 590 1033 dignemini
610 958 758 1024 exaudire;
781 966 812 1014 ut
831 972 881 1028 per
901 958 943 1012 ia·
995 948 1078 1004 tione.
1090 944 1228 1001 Smtutum
1238 952 1280 997 est
1290 954 1355 995 rero
1365 940 1437 1009 qnod
1448 938 1568 994 Ecclesia
1580 937 1714 1003 hemana,
1726 951 1788 1009 qrraa

149 1070 245 1114 rorem
276 1055 406 1111 liomante
439 1053 569 1109 hostede
605 1060 706 1107 terram
730 1050 804 1105 iilam
833 1062 944 1119 prorsus
995 1049 1077 1111 capnt
1098 1045 1222 1093 nostrum
1246 1043 1275 1090 et
1300 1030 1361 1088 hdei
1379 1029 1520 1087 catholice
1537 1043 1598 1085 esse
1621 1030 1788 1100 dignoscitur

149 1146 282 1203 emundet
300 1145 335 1201 alt
353 1144 480 1201 haeretict
499 1144 645 1214 pronitate.
665 1143 742 1197 hicet
760 1141 834 1196 enirn
856 1140 944 1209 major
995 1129 1213 1192 fundamentum.
1229 1125 1364 1183 ⁸⁰¹⁰ll⁰¹¹⁰
1380 1122 1461 1177 “lum
1479 1121 1652 1175 ⁶⁰¹¹³s³⁰¹¹¹¹¹¹
1671 1122 1705 1175 ib
1720 1136 1789 1174 ⁰¹¹⁰·

150 1254 219 1310 pars
233 1236 415 1294 evercitnsmd
427 1244 518 1307 partes
529 1250 593 1291 suas
616 1234 739 1301 redierit,
753 1234 881 1304 expedito
895 1244 944 1302 pcr
995 1233 1103 1292 quoqne
1115 1216 1232 1287 ¹¹⁰⁸il¹¹l⁰
1246 1213 1385 1269 illssflillffl
1401 1225 1449 1281 per
1470 1207 1545 1264 “¹³⁰¹
1565 1218 1667 1264 “mm
1689 1224 1788 1279 Ρθῐι-ι·

152 1330 203 1386 Μ
219 1328 333 1399 sugg„
353 1328 469 1383 duorum
481 1326 616 1382 mensium
630 1326 720 1395 ,pagg
733 1324 806 1395 quod
822 1325 867 1379 spx
882 1338 944 1394 spe.
996 1312 1069 1366 uiter
1082 1305 1276 1379 congaudebit,
1299 1313 1328 1365 et
1342 1304 1394 1359 hoc
1419 1312 1514 1371 petoa
1534 1311 1625 1357 vestra
1642 1302 1789 1357 sanctitate

153 1422 261 1479 rabitur
274 1434 355 1492 posse
371 1436 419 1491 per
431 1419 570 1477 hiensium
591 1420 633 1475 vel
655 1418 943 1489 trienninmotpediri,
996 1401 1112 1457 sslsslilssf
1134 1398 1300 1455 wssfilmill·
1324 1396 1446 1452 Decimii
1466 1394 1618 1464 siquidem,
1641 1407 1710 1463 quas
1723 1394 1791 1447 ¹¹⁰0·

153 1514 244 1569 adlvoc
260 1521 349 1567 nmen
362 1510 714 1583 totmiiitessliiqueptohi
735 1510 859 1567 homines
883 1526 946 1565 cunt
997 1509 1082 1564 usquc
1102 1491 1223 1549 hiereli&
1242 1491 1429 1554 detinuerunt,
1449 1486 1560 1558 ‘fillum
1581 1486 1645 1541 ‘¹¹³³
1666 1485 1791 1541 “⁰¹²⁹st

153 1604 227 1659 giem
239 1602 786 1672 ,wbgpfgmgnsefflmquog’gummogo
803 1600 946 1658 aggedg.
998 1595 1079 1638 terrae
1098 1590 1126 1636 et
1148 1580 1325 1637 ecclesiarum
1339 1578 1472 1634 ministris
1485 1578 1545 1633 sine
1567 1576 1657 1647 aliqua
1671 1574 1790 1631 diminu-
1852 1605 1855 1609 ι

154 1694 206 1761 352,
221 1694 299 1766 cus-„s
316 1694 455 1764 nogotium
474 1694 532 1764 5993,
543 1694 624 1764 gem,
640 1694 667 1749 g„
682 1694 810 1764 expensis
822 1693 944 1762 juvant,
998 1673 1074 1727 tione
1087 1679 1223 1741 pertotant
1235 1678 1335 1725 terram
1346 1664 1790 1737 lidolitordispensaressaeterunr,

154 1786 238 1843 saeue
255 1786 306 1843 ,iffi
323 1788 377 1843 effi
389 1802 442 1841 „on
455 1786 542 1842 sogum
558 1786 718 1857 ,misnam
738 1795 837 1842 ,emm
852 1785 946 1843 defen,
998 1764 1042 1819 his
1054 1764 1089 1817 ita
1098 1763 1155 1832 jam
1167 1777 1217 1832 pro
1230 1776 1311 1833 posse
1321 1774 1383 1817 tneo
1395 1761 1429 1815 ad
1440 1760 1571 1815 honorem
1584 1758 1631 1815 [lei
1643 1747 1792 1828 dispositis,

156 1878 235 1946 dore,
250 1878 299 1934 sed
318 1876 435 1947 expulsis
448 1891 561 1946 prorsus
578 1876 724 1940 hereticis,
745 1882 843 1946 praeter
867 1842 1118 1931 T010.flvestrant
1139 1868 1198 1909 mea
1218 1854 1338 1922 parvitas
1361 1851 1484 1923 deposcit
1504 1850 1677 1905 sanctitatem
1698 1858 1730 1905 ut
1752 1850 1793 1904 di·

999 1958 1072 2005 ctam
1082 1956 1182 2002 terram
1204 1960 1265 2015 quae
1275 1944 1387 2000 mihies
1401 1951 1479 2014 parte
1492 1942 1540 1998 hei
1552 1950 1579 1997 ct
1592 1953 1694 2011 vestra,
1704 1950 1732 1997 et
1744 1954 1793 2009 per

1000 2039 1118 2111 legatum
1136 2047 1257 2093 vestrum
1279 2035 1405 2091 abbatem
1428 2036 1566 2102 cistercii,
1591 2035 1794 2093 communicato

999 2143 1082 2200 snper
1096 2131 1148 2185 hoe
1162 2136 1242 2184 tenus
1257 2128 1394 2183 exercitos
1407 2126 1532 2192 consilio,
1549 2125 1614 2181 mihi
1633 2135 1660 2181 et
1679 2126 1795 2181 tractent-

999 2220 1052 2277 hus
1063 2221 1144 2286 meis,
1165 2221 1218 2277 illis
1234 2220 1318 2275 etiam
1333 2219 1380 2289 qui
1395 2214 1499 2274 laboris
1512 2218 1658 2289 participes
1672 2216 1793 2287 ejttsdern

999 2322 1080 2369 terra
1093 2312 1243 2370 secnrrdum
1257 2312 1354 2366 merita
1368 2310 1525 2381 acceperint
1538 2310 1702 2380 portionem,
1718 2308 1796 2363 heni-

999 2420 1054 2475 gne
1074 2402 1222 2476 dignemini
1243 2402 1418 2461 conhrmare.
1447 2401 1635 2458 venerabilem
1659 2401 1794 2471 siquidem

1001 2498 1091 2552 virum
1112 2496 1238 2551 abbatem
1260 2493 1388 2550 cistercii
1411 2507 1469 2564 prae
1489 2493 1595 2549 caeteris
1616 2494 1725 2565 negotio
1746 2494 1795 2548 lici

1000 2586 1150 2644 fideliorem
1172 2594 1200 2641 et
1221 2585 1376 2655 proniorem
1401 2585 1429 2639 in
1455 2583 1582 2640 omnihus
1607 2584 1714 2647 inveni,
1737 2598 1796 2638 scr·

1001 2691 1094 2744 mone,
1109 2690 1203 2745 opere,
1222 2675 1347 2739 consilio,
1367 2672 1421 2729 nde
1443 2674 1549 2745 integra
1569 2674 1794 2729 constantiorem.

1002 2768 1047 2834 Et,
1067 2768 1131 2838 qrtia
1146 2782 1198 2822 non
1220 2774 1301 2823 nocet
1320 2768 1440 2823 admisso
1463 2768 1580 2823 suhdere
1602 2766 1693 2823 calcar
1713 2780 1795 2836 equo,

1001 2870 1101 2917 vestrae
1113 2860 1236 2930 supplico
1247 2861 1406 2931 paternitati
1427 2869 1455 2916 ut
1468 2861 1504 2917 de
1518 2876 1561 2915 nte
1580 2873 1608 2915 et
1625 2859 1658 2913 de
1674 2869 1746 2914 terra
1761 2860 1797 2913 sia

1004 2950 1062 3021 ipse
1075 2950 1218 3015 sollicitus,
1234 2952 1305 3006 sient
1318 2953 1470 3019 consuevit,
1486 2965 1535 3022 per
1548 2949 1724 3020 apostolicam
1739 2965 1797 3003 ιιιιι-

1003 3040 1135 3095 tritionem
1151 3039 1298 3111 dignemini
1318 3056 1502 3097 eomntoncre.
1514 3040 1628 3105 Verum,
1652 3041 1716 3110 quia
1738 3057 1798 3108 onte

1006 3130 1153 3203 expediunt
1173 3146 1227 3186 non
1243 3130 1319 3188 valeo
1341 3132 1448 3202 penitus
1470 3141 1636 3203 praenotare,
1661 3133 1798 3190 sanctitati

1006 3234 1104 3278 restrae
1126 3222 1253 3278 dilectum
1277 3231 1306 3277 ct
1326 3223 1431 3278 hdelem
1453 3238 1543 3278 meum
1567 3225 1686 3280 nobilem
1709 3227 1798 3279 rirntn

1004 3311 1039 3368 li.
1056 3313 1170 3368 latorem
1188 3311 1364 3382 praesentium
1381 3311 1569 3368 transmittere
1583 3313 1705 3378 decrevi,
1721 3315 1798 3384 cnjns

1004 3403 1155 3461 absentiam
1169 3403 1289 3474 graviter
1303 3417 1346 3456 mc
1365 3403 1473 3474 expedit
1490 3404 1636 3470 sustinere,
1657 3420 1718 3460 cnm
1740 3407 1798 3472 ipse

1005 3497 1071 3552 mihi
1095 3496 1177 3550 luerit
1197 3511 1262 3564 pars
1284 3495 1390 3550 consilii
1408 3503 1434 3548 ct
1458 3495 1551 3550 ausilii
1569 3495 1796 3565 srtpplenrenttnn‚

1005 3598 1035 3643 nt
1047 3603 1107 3657 num
1122 3597 1219 3642 vestre
1243 3587 1382 3643 sanctitati
1405 3601 1439 3641 ex
1461 3597 1539 3656 parte
1555 3603 1613 3641 ntea
1629 3588 1730 3642 dixerit
1752 3587 1799 3642 fir·

1005 3680 1086 3735 ttriter
1101 3689 1159 3734 ruta
1174 3677 1306 3733 habeatis.

158 1986 233 2037 sam,
249 1979 331 2026 totam
353 1970 432 2029 aliam
452 1983 597 2040 occupare.
617 1967 683 2024 Cum
698 1968 783 2033 enim,
794 1964 895 2038 piaeter
908 1966 948 2021 ci·

159 2061 272 2127 vitares,
287 2060 427 2130 plusquam
445 2060 564 2115 ducenta
577 2060 786 2131 optimacastra
799 2059 946 2129 possideat,

159 2168 195 2209 ae
228 2151 416 2209 vicecomitem
448 2148 630 2205 Biterrensem
649 2151 839 2207 hereticorum
862 2150 951 2221 pessi·

157 2260 264 2301 morum
288 2242 459 2299 defensorem
489 2252 580 2299 tenent
604 2243 719 2299 vinculis
749 2246 948 2315 compeditum,

158 2338 298 2394 evidenter
308 2347 490 2408 appareteum
507 2336 539 2392 ad
553 2338 727 2395 muniendam
741 2347 844 2395 terram
855 2338 951 2407 huius·

59 2500 62 2505 Ι
94 2441 100 2451 “
159 2431 274 2487 modist
295 2429 376 2483 aliam
395 2429 587 2499 acquirendam
609 2430 828 2489 multisririsae
847 2432 973 2490 viribus·

158 2522 291 2592 indigere.
304 2520 386 2575 llulta
405 2536 466 2592 qnsc
481 2523 580 2578 desunt
599 2524 720 2593 predicti
736 2525 834 2590 nuntii,
852 2526 953 2581 sancti·

158 2613 209 2668 tati
232 2620 331 2669 restrae
351 2611 472 2669 reserent
490 2614 550 2669 tiro
577 2628 654 2681 voce,
678 2614 748 2670 sicut
770 2615 817 2685 qui
844 2628 951 2687 semper

156 2713 308 2774 presentes
319 2702 438 2759 luerunt

521 2796 592 2853 cix.

443 2905 544 2945 nostro
571 2906 657 2945 raes.

285 3008 297 3023 ν
337 2980 376 3037 tte
389 2982 583 3052 expugnatione
594 2980 788 3037 hoereticorum.

196 3075 253 3148 (to)
269 3074 452 3132 sanctissimo
466 3072 542 3129 Patrt
560 3082 588 3129 ct
603 3074 712 3129 domitto
730 3074 892 3131 innoernrto
906 3077 953 3133 liei

159 3169 248 3240 gratia
266 3167 424 3239 apostolicae
444 3167 517 3222 sedis
530 3179 637 3221 summo
661 3165 784 3236 pontifici
806 3167 891 3222 Stuon
906 3181 988 3247 cog

161 3277 221 3320 mes
233 3261 402 3328 heicestriae,
424 3259 551 3316 dominus
572 3258 767 3324 ilontlslortis,
787 3260 953 3320 Biterrensis

160 3361 191 3410 et
201 3353 430 3412 Carcassonensis
451 3353 614 3419 vicecomes,
629 3351 745 3407 salntem
765 3359 794 3408 et
812 3360 865 3408 tam
879 3351 954 3411 delvi-

158 3453 197 3500 ιιι
211 3444 391 3514 subiectionis
402 3459 484 3514 quam
502 3443 662 3500 reverentiae
678 3443 883 3512 plenitudinem.

198 3536 312 3592 Noverit
344 3537 474 3592 sanctitas
516 3545 605 3590 vestra
642 3535 715 3606 quod
757 3535 849 3592 audito
874 3551 951 3593 ntan-

160 3627 230 3683 dato
253 3636 343 3681 restro
382 3623 449 3680 mihi
488 3624 644 3696 specialiter
677 3625 836 3692 destinato,
879 3627 953 3683 ontni

162 3731 240 3772 mora
256 3716 402 3787 postposita
421 3717 455 3772 ad
470 3723 561 3786 partes
574 3715 716 3774 Allienscs
732 3719 785 3774 itcr
795 3733 885 3776 meum
906 3735 954 3775 su-

161 3823 213 3878 per
228 3808 371 3866 hereticos
388 3807 554 3878 preparati;
575 3808 620 3864 ulti
640 3809 689 3864 liei
708 3811 849 3866 roestione
863 3821 892 3866 et
908 3827 954 3866 as·

162 3917 244 3960 sensu
270 3916 414 3972 procerum
439 3899 709 3972 crucesignatorum,
734 3905 860 3974 quamvis
885 3906 955 3962 indi-

162 4009 241 4065 gnus,
258 3995 292 4049 ad
306 4003 387 4050 terrae
398 3993 471 4050 iilius
485 3994 606 4062 regimen
616 4005 647 4050 et
659 3996 827 4052 dominatum
840 3998 956 4054 advoca·

162 4095 248 4141 tuset
266 4085 430 4141 unanimiter
449 4085 561 4153 electus,
582 4085 618 4142 ihi
642 4087 677 4142 ad
701 4087 830 4142 inonurem
855 4088 902 4144 lici
928 4099 956 4145 et

163 4174 225 4231 lidei
237 4174 383 4232 catholica
400 4175 628 4246 supplementum,
646 4177 668 4232 si
690 4175 806 4242 valeant,
827 4179 955 4247 proposui

163 4281 406 4338 remanere,.spem
418 4269 521 4324 habens
536 4268 564 4323 in
577 4268 691 4324 llomino
706 4269 870 4340 precipuum
884 4270 955 4338 quod

1376 3789 1434 3846 Cll.

1066 3899 1187 3940 instruo
1206 3896 1329 3948 oposeta
1348 3896 1503 3938 cotestesst
1523 3897 1740 3940 recurserscoeo.

1112 3995 1290 4066 dorrprnrnr
1305 3997 1330 4052 ei
1343 3996 1433 4065 peresio
1449 3995 1514 4062 250,
1531 4012 1691 4052 nrcrcorrntt.

1171 4084 1321 4154 (laterani,
1336 4099 1375 4142 vn
1390 4087 1451 4143 ldus
1464 4085 1647 4157 Novembris.)

1044 4176 1118 4234 Solet
1137 4192 1258 4234 anuttere
1276 4175 1356 4233 sedes
1376 4179 1524 4249 apostolica
1539 4179 1592 4251 piis
1607 4181 1688 4247 rotis,
1705 4190 1734 4237 et
1750 4183 1801 4239 ho-

1008 4270 1094 4326 nestis
1108 4272 1255 4341 petentium
1277 4269 1405 4339 precihus
1424 4270 1547 4326 savorem
1566 4271 1727 4328 benevolum
1749 4275 1801 4330 im-

163 4360 284 4427 pravitas
300 4359 428 4415 heretica
446 4361 473 4414 in
493 4360 546 4416 iilis
563 4361 685 4431 partibus
702 4359 823 4417 funditus
835 4365 957 4418 destruo·
1008 4363 1112 4433 pertiti.
1134 4361 1284 4433 Eapropter
1306 4364 1360 4420 tuis
1379 4362 1461 4433 iustis
1480 4363 1708 4433 postulationihus
1722 4377 1801 4435 grato

163 4458 218 4515 tur,
234 4452 257 4506 si
276 4461 367 4507 vestro
380 4451 455 4507 iruar
468 4452 580 4519 auxilio,
598 4453 778 4523 prrevenicnte
792 4453 880 4524 gratia
896 4451 954 4519 lici,
1009 4463 1203 4508 concurrentes
1223 4467 1348 4520 assensu,
1371 4452 1556 4523 provisionem
1576 4454 1755 4510 ducentarum
1771 4465 1801 4510 ιι

164 4555 224 4612 qun
237 4541 292 4599 duo
314 4542 379 4598 mihi
403 4541 547 4598 conserunt
562 4559 638 4614 spem
663 4543 745 4600 totius
768 4545 872 4604 consilii
895 4555 956 4614 post
972 4541 1202 4612 liquinquaginta
1224 4557 1376 4600 marcarum
1393 4555 1475 4612 quarm
1493 4543 1543 4599 tibi
1560 4543 1724 4599 reiterabilis
1744 4543 1801 4598 ira·

164 4634 295 4689 lahorem.
307 4633 513 4700 Verumtamen,
535 4633 598 4708 qnia
620 4634 698 4691 lthor
717 4645 759 4690 cst
783 4647 957 4708 sumptuosus
1010 4644 1053 4688 ter
1067 4645 1161 4707 noster
1175 4633 1346 4692 Coloniensis
1365 4634 1583 4706 archiepiscopus
1597 4635 1632 4691 de
1645 4633 1757 4691 consilio
1771 4646 1800 4688 et

164 4725 265 4796 duplici
285 4725 319 4780 de
342 4739 436 4793 causa,
461 4737 568 4796 oportet
587 4736 616 4780 ut
639 4727 862 4800 cura'perrigili,
887 4729 959 4785 sicut
1009 4739 1122 4782 assensu
1144 4727 1266 4797 priorum
1289 4737 1318 4781 et
1335 4727 1508 4783 conniventia
1525 4727 1657 4784 nobilium
1674 4737 1752 4782 terra
1767 4741 1801 4780 ae

163 4819 236 4874 hono
246 4818 396 4874 inchoastis
408 4819 551 4889 principio,
564 4818 618 4874 line
632 4821 782 4889 peroptimo
795 4821 956 4878 terminetis.
1009 4819 1227 4875 ministerialium
1246 4829 1275 4875 et
1295 4820 1400 4876 citium
1421 4819 1624 4876 coloniensium
1637 4819 1672 4874 ad
1686 4813 1799 4874 manda·

163 4909 276 4966 tl‘terrs
298 4910 370 4965 enim
387 4911 431 4966 illa
450 4924 579 4982 proceres
602 4919 735 4968 terrarum
753 4915 800 4984 qui
816 4913 852 4970 ihi
867 4913 894 4968 in
909 4928 958 4968 er·
1010 4918 1067 4964 tum
1081 4920 1204 4965 nostrum
1226 4911 1428 4982 percipiendam
1441 4910 1522 4966 aunis
1543 4911 1658 4979 singulis
1677 4910 1801 4978 assigna-

163 5000 331 5070 peditionem
349 5015 430 5069 sotter
451 5003 594 5057 hereticos
617 5001 811 5067 conduxerant,
836 5019 879 5060 me
901 5006 958 5060 leve
1008 5001 1058 5066 vit,
1073 5001 1144 5058 sieut
1164 5001 1191 5055 in
1211 5001 1271 5071 eins
1285 5003 1443 5059 authentico
1456 5004 1622 5067 continetur,
1637 5000 1800 5056 auctoritate

164 5094 252 5149 solnm
269 5093 339 5148 inter
351 5093 477 5150 inimicos
488 5093 590 5150 Christi
604 5111 653 5166 per
670 5103 775 5152 montes
791 5103 820 5151 et
832 5095 957 5166 scopulos
1009 5093 1060 5148 tihi
1075 5093 1222 5163 apostoliea
1243 5093 1437 5151 eondrmamns
1448 5105 1476 5151 et
1489 5094 1630 5164 presentis
1643 5091 1737 5162 scripti
1753 5109 1800 5162 ιιι-

165 5195 295 5258 ragantes
312 5200 373 5241 cum
388 5201 442 5242 non
457 5187 542 5243 multo
556 5187 641 5244 milite
660 5187 842 5259 reliquerunt;
860 5197 888 5243 et
903 5197 959 5243 ter·
1009 5185 1127 5241 trocinio
1141 5187 1351 5242 communimus.
1369 5186 1441 5241 Nulli
1463 5199 1538 5255 ergo,
1553 5193 1618 5250 ete,
1639 5185 1710 5240 hano
1723 5184 1800 5255 pagi-

165 5291 225 5335 raut
240 5295 297 5350 prae
320 5281 404 5336 nimia
429 5288 597 5352 paupertate,
624 5280 703 5351 cuius
724 5281 795 5337 hona
819 5280 958 5336 destructa
1008 5288 1073 5330 nam
1092 5283 1193 5332 nostrae
1213 5276 1429 5332 confirmationis
1451 5275 1666 5347 infringerent
1687 5276 1723 5342 ei,
1743 5288 1798 5331 etc.

164 5381 239 5438 sunt,
253 5374 315 5428 sine
329 5383 420 5430 vestro
434 5385 462 5428 et
474 5373 593 5429 ddeliuru
608 5373 709 5429 auxilio
723 5387 776 5428 non
791 5381 885 5442 potero
897 5373 958 5426 din·
1010 5365 1040 5422 st
1064 5368 1126 5438 gnis
1146 5378 1237 5424 autem
1261 5368 1313 5424 hoc
1333 5375 1473 5443 attentare
1496 5369 1709 5442 presumpserit,
1731 5379 1785 5424 ete.

165 5459 222 5518 tius
242 5463 406 5533 gnhemare.
428 5462 481 5535 lpsi
496 5463 569 5519 enim
591 5463 710 5519 heretici
731 5464 830 5533 partim
846 5462 958 5519 castella
1009 5475 1091 5532 ιιιιιι
1106 5463 1288 5516 incursurum.

165 5553 336 5625 reliquerunt
360 5571 444 5611 vacua
469 5564 498 5611 et
522 5556 652 5613 anhrersa
678 5554 832 5626 fugientes,
859 5555 957 5624 partim
1009 5563 1015 5614 t
1045 5549 1143 5604 ilatum
1164 5548 1300 5617 Laterani,
1314 5565 1353 5604 vn
1366 5549 1431 5606 ldtrs
1447 5547 1606 5618 Novembr,
1628 5549 1801 5622 pontillcatns

166 5657 232 5702 rem
249 5661 282 5702 ιι
303 5645 357 5701 illis
371 5643 528 5702 lortioribus
543 5647 630 5703 adhue
647 5653 750 5714 teuent,
765 5645 812 5702 liei
826 5644 957 5720 stertitui
1010 5644 1096 5700 nostri
1109 5656 1181 5697 auno
1194 5641 1366 5699 duodecimo.

198 5823 261 5897 ida)
275 5824 344 5882 lide
358 5823 426 5880 inira
438 5825 517 5898 epist.
532 5822 593 5878 tat.
1048 5822 1104 5898 (tt)
1120 5823 1283 5904 liteinins,
1301 5823 1383 5896 epist.
1395 5822 1457 5881 tto.
