4109 6325
162 306 222 365 oso‘
622 303 875 367 consternatus
892 308 987 367 sncto
1005 306 1233 385 attgcttutstr
1256 308 1331 363 teta.
1691 332 1697 341 -
1737 285 1790 341 iit

163 420 836 493 murtrattturscenpautaerbrteetpernaeants
845 441 954 483 conant·
968 438 992 495 Α
1006 426 1099 481 mitcm
1119 440 1170 483 nec
1189 424 1358 495 supradictos
1383 422 1504 481 traccerlcs
1519 421 1604 491 ipsius
1624 436 1705 489 sttpcr
1722 441 1791 493 pra.

163 499 225 550 rtem
239 494 266 549 in
284 499 339 546 tots
353 499 425 547 terra
439 506 520 561 qrraut
535 490 641 556 babuit.
656 497 753 559 tenrtit.
769 510 816 551 scu
835 495 954 567 possedit
1005 494 1096 551 missia
1112 509 1160 561 prr
1178 509 1222 550 rne
1233 492 1274 547 rot
1297 508 1344 562 pcr
1360 492 1441 549 alium
1457 492 1489 545 rte
1503 501 1600 546 cantero
1622 490 1788 561 ntotcstatro;

164 565 193 621 ln
216 560 399 634 proprietate,
418 561 554 627 dominio,
569 570 598 617 ct
615 561 701 619 leodis
723 566 799 620 boote
818 566 956 623 memorias
1005 567 1056 619 sub
1070 565 1331 632 eotlemjnrnnrento
1351 564 1510 619 rcuuutians
1526 560 1623 615 litteris
1638 562 1790 629 iurpetratis

164 634 298 691 tteuricns
310 645 378 687 arus
393 644 482 697 meuc,
493 632 629 699 quondam
643 648 734 691 coures
754 634 915 702 trecensis,
929 637 953 694 st
1003 644 1031 691 et
1046 634 1225 703 impetrandis
1237 647 1319 700 snper
1332 634 1490 703 praemissis,
1503 641 1530 687 ot
1545 632 1619 686 onrui
1646 634 1789 705 prititegtn

163 705 235 773 quod
253 699 507 770 instaurarunt
527 700 673 757 lrsboesam
694 702 736 759 tcl
759 702 859 761 babere
878 717 954 775 poto-
1003 704 1116 759 etontni
1136 702 1238 757 auritio
1260 702 1329 772 juris
1354 702 1478 758 canonici
1502 710 1530 757 et
1557 700 1654 756 atritis.
1673 699 1789 774 t'roptcc

164 773 264 831 samin
281 770 363 827 (lictis
379 767 595 827 eomitatiboset
649 772 951 831 rtincntiiseorumriem
1002 774 1142 830 cessiones
1169 778 1275 835 atrtcsn.
1298 772 1461 838 quitationes
1487 780 1515 825 et
1546 770 1739 831 contentiones
1762 784 1794 831 et

163 848 191 899 in
210 854 283 900 terra
294 841 352 910 tarn
364 839 505 906 dicmtita
519 842 591 909 quod
654 852 752 898 cantero
772 858 954 913 mccqormc
1002 841 1055 897 alia
1075 842 1229 911 supradicta
1250 840 1324 895 dedit
1350 842 1415 897 mitri
1439 841 1527 896 dictus
1550 855 1642 897 costros
1672 844 1788 913 qnadra-

164 914 286 971 trroredes
308 910 361 966 urei
385 908 414 965 ln
440 908 520 965 dictis
541 909 715 967 eomitatibus
733 920 762 968 ot
781 913 959 981 pertinentiis·
1001 911 1076 983 pinta
1095 910 1177 965 rnitlia
1193 909 1323 965 librarum
1337 908 1535 966 turonensium
1557 911 1583 965 in
1606 914 1719 979 pecunia
1738 931 1790 971 uo·

162 982 320 1039 eorumdem
335 994 369 1037 ae
390 989 462 1035 terra
479 978 607 1048 pmdteta
624 979 727 1047 attqstrt
745 984 896 1052 poterimus
907 999 953 1042 re·
1001 988 1118 1045 merata.
1133 988 1161 1036 ot
1170 980 1255 1104 tplene
1275 979 1407 1035 satisfecit
1427 980 1491 1035 rrritri
1506 980 1540 1037 de
1561 978 1631 1036 dicta
1661 984 1786 1051 perarata

162 1054 282 1109 clamare
292 1059 387 1107 contra
402 1049 504 1106 dictum
517 1048 642 1104 comitem
654 1049 696 1105 ret
716 1050 836 1109 ttaerettes
853 1068 951 1124 sopra·
1000 1064 1117 1106 summa.
1131 1050 1168 1106 tie
1188 1050 1209 1105 lt
1223 1048 1333 1119 iusuper
1348 1048 1413 1103 ruitri
1431 1058 1457 1105 et
1470 1049 1617 1120 assignavit
1631 1051 1685 1106 drto
1700 1052 1783 1108 mittin

162 1124 262 1185 dictos,
276 1120 348 1177 sicut
362 1119 465 1174 dictum
477 1117 585 1181 eat.ab
600 1120 657 1189 ipso
671 1120 743 1177 linea
757 1122 950 1180 matrimoniali
1000 1118 1160 1175 literatorum
1187 1127 1267 1174 tccrte
1294 1118 1320 1173 in
1346 1127 1416 1173 terna
1442 1120 1521 1189 ptaun
1553 1122 1578 1174 iu
1609 1121 1786 1179 connitentibus

162 1189 411 1249 «madescerent
425 1204 469 1243 me
480 1188 611 1243 devestiri
624 1191 657 1246 de
669 1189 743 1245 omni
751 1190 824 1259 ture,
838 1193 862 1248 si
876 1194 950 1261 quod
1000 1187 1156 1257 Campania
1165 1197 1191 1242 et
1208 1186 1291 1253 licitu
1310 1188 1336 1243 iu
1352 1203 1404 1257 qna
1416 1204 1466 1243 uec
1482 1188 1587 1245 irabclro
1602 1188 1786 1262 fortericiam,

157 1262 295 1319 lrabelmm
310 1259 353 1315 ret
367 1259 515 1314 babueram
529 1258 556 1312 iu
570 1259 651 1316 dietis
663 1260 837 1318 cotuitatibos
846 1272 874 1317 et
885 1278 950 1333 per·
1000 1273 1051 1315 uro
1064 1266 1159 1329 potero
1169 1257 1270 1322 tacere,
1286 1273 1367 1327 quaur
1383 1268 1461 1312 teneo
1473 1267 1500 1311 et
1528 1260 1623 1315 terrebo
1642 1260 1668 1315 in
1682 1260 1784 1317 allodio

162 1331 283 1388 tinentiis
294 1330 450 1385 eorumdem
461 1336 490 1383 et
500 1336 572 1382 terra
581 1326 638 1394 jam
651 1330 735 1398 dicta,
748 1329 777 1386 in
791 1347 871 1387 marro
884 1332 951 1388 cita·
1000 1330 1034 1383 ad
1049 1342 1114 1385 nans
1128 1336 1155 1383 et
1166 1326 1374 1383 eonsuetudines
1389 1327 1501 1382 atior-nm
1521 1327 1681 1383 atlortiorurn
1707 1328 1786 1386 caru·

163 1402 264 1458 rissimi
277 1398 379 1454 dornint
394 1396 447 1454 met
462 1395 588 1453 ludovici
606 1396 653 1453 oet
667 1401 754 1471 qratia
771 1401 845 1472 regis
864 1401 949 1460 Fran·
998 1398 1087 1469 panim
1102 1409 1130 1455 et
1152 1397 1221 1453 lirim
1237 1396 1354 1467 qnandiu
1372 1396 1474 1452 ritem.
1502 1396 1565 1451 t’ost
1579 1400 1720 1455 decessum
1736 1414 1787 1455 au·

161 1487 256 1527 corum
269 1468 394 1525 illustris.
410 1467 444 1523 Et
461 1468 519 1523 ltaec
534 1467 625 1523 omnia
644 1465 695 1525 ieci
715 1470 742 1527 iu
761 1486 823 1526 tnoa
840 1473 949 1542 propria
999 1476 1054 1524 tent
1070 1482 1159 1525 tneum
1183 1469 1269 1523 lueres
1292 1480 1381 1535 nrorrs,
1397 1467 1419 1521 ai
1436 1466 1504 1520 citra
1529 1481 1604 1522 mare
1625 1466 1719 1535 tuerit,
1736 1468 1786 1525 bo·

162 1550 191 1597 et
203 1542 288 1597 libera
301 1546 435 1611 potestate
444 1537 591 1593 constituta
602 1545 631 1592 et
640 1548 787 1608 spontanea
799 1541 947 1607 uoluntate.
998 1542 1117 1609 maqlum
1131 1536 1224 1608 ligium
1238 1535 1300 1591 inde
1316 1534 1396 1591 iactet
1410 1536 1483 1592 dicto
1503 1536 1595 1591 coortu
1613 1536 1654 1591 tot
1681 1537 1783 1593 lraeretti

162 1611 236 1667 trrrtio
256 1610 364 1669 timore,
389 1608 527 1677 captione.
545 1606 682 1677 uiolentia,
701 1609 743 1665 cel
764 1610 949 1679 compulsione
998 1606 1067 1675 etus.
1093 1607 1121 1663 Si
1137 1618 1227 1662 auteur
1242 1606 1311 1661 citra
1332 1620 1407 1661 mare
1421 1620 1473 1659 non
1493 1606 1606 1667 verterit.
1626 1606 1714 1663 rtictus
1729 1606 1783 1663 bat·

161 1680 213 1736 alia
229 1679 348 1735 inducta.
364 1676 477 1733 Promisi
492 1676 573 1732 etiarn
588 1685 616 1733 et
630 1679 759 1749 promitto
772 1680 843 1735 tticto
854 1680 946 1737 couriti
999 1693 1044 1733 res
1055 1676 1172 1746 requiret
1184 1690 1232 1747 per
1245 1675 1368 1730 nuntium
1380 1690 1458 1731 suurn
1475 1684 1503 1729 ct
1524 1688 1587 1730 suns
1611 1674 1715 1733 litteras
1735 1692 1784 1748 pa·

160 1750 233 1819 qnod
251 1746 401 1821 pntcnrabo
415 1747 484 1806 bons
503 1746 555 1801 dte
576 1747 636 1803 sine
656 1763 716 1805 meo
773 1749 946 1820 nctrdoqnod
999 1753 1115 1803 tetrtcsa
1133 1745 1232 1801 comite
1256 1743 1411 1815 coornantur
1426 1745 1652 1816 teittrercdoajns
1668 1755 1782 1803 terram.

160 1822 284 1876 tamnes
297 1818 349 1873 mci
362 1816 452 1871 omnia
471 1830 532 1887 qna·
549 1818 723 1873 continentur
740 1835 768 1873 ru
784 1819 878 1875 ctrarta
893 1823 946 1876 ista
997 1815 1031 1872 Et
1046 1824 1111 1873 tnnc
1128 1817 1320 1871 dictuscornes
1338 1813 1380 1869 ret
1395 1815 1481 1870 lrrnrcs
1498 1814 1556 1879 ejus
1570 1815 1629 1871 siue
1651 1815 1781 1875 stitutione

159 1889 310 1945 laudabunt
318 1895 346 1943 et
355 1885 642 1956 approbabunteomitt
653 1888 810 1958 supradicto
821 1896 848 1945 et
860 1890 947 1947 brece-
996 1885 1251 1943 remittetnuntium
1264 1900 1342 1940 sumu
1358 1899 1419 1939 curn
1436 1884 1532 1939 littoris
1547 1886 1603 1941 stris
1616 1886 1783 1955 patenrttrns.

159 1959 240 2013 dibus
254 1959 313 2031 elus
322 1957 379 2029 lam
391 1956 480 2017 dictis.
493 1965 521 2013 et
533 1956 588 2023 juri
603 1970 664 2019 stro.
682 1958 705 2013 si
719 1958 790 2029 quod
805 1957 946 2014 babentia
996 1956 1044 2025 qni
1061 1956 1119 2011 loco
1132 1954 1189 2023 rjus
1206 1954 1319 2025 recipiet
1333 1954 1487 2023 ttomagiuur
1499 1954 1589 2024 lipinnr
1605 1957 1705 2013 orticto
1725 1956 1782 2011 irm-

159 2028 239 2084 dictis
253 2026 426 2083 comitatibus
444 2034 471 2081 et
486 2027 658 2091 pertinentiis
674 2028 830 2083 eorutndctu
846 2038 874 2084 ct
887 2030 945 2094 jam
997 2028 1071 2082 rede.
1083 2027 1116 2083 Et
1127 2024 1312 2081 dictusltaeres
1322 2024 1416 2079 nuntio
1427 2024 1584 2079 comitisse!
1596 2026 1710 2081 trrercdis
1720 2026 1780 2092 cjrts

118 2140 129 2159 .
158 2100 230 2152 dicta
250 2106 345 2159 terra.
368 2096 560 2151 ronrtuttabnnt
582 2106 611 2152 et
631 2097 774 2167 quitabunt
793 2113 827 2171 nc
849 2099 946 2155 cedent
995 2096 1079 2152 iactet
1091 2095 1245 2166 trotttaqium
1261 2093 1369 2167 liqinm.
1385 2095 1456 2163 qumt
1469 2096 1579 2165 recipiet
1600 2096 1709 2152 trnruius
1734 2112 1784 2150 tro·

159 2168 231 2224 dicto
249 2167 344 2223 comiti
356 2173 385 2221 et
405 2164 464 2233 cius
486 2165 636 2221 namatium
654 2167 712 2231 ianr
728 2166 823 2231 dictim
843 2178 871 2224 et
890 2168 947 2223 tttcc
996 2166 1071 2223 atino
1088 2165 1204 2225 consitis.
1224 2164 1258 2221 Et
1270 2166 1344 2221 dabit
1358 2164 1445 2221 dictus
1474 2166 1561 2222 baeres
1585 2166 1658 2223 diem
1685 2167 1782 2221 aruntio

159 2236 259 2293 iaciant
273 2252 365 2292 corarn
387 2234 521 2304 aliquibus
538 2234 702 2292 autbantieia
726 2238 866 2307 personia.
885 2252 946 2307 qum
997 2234 1104 2292 litteras
1116 2251 1181 2293 suas
1206 2244 1330 2306 patentes
1355 2234 1389 2289 dc
1411 2233 1483 2289 iacto
1507 2234 1643 2303 troruaqio,
1657 2246 1686 2292 et
1700 2250 1782 2303 snper

158 2306 232 2361 dicto
241 2306 335 2362 comiti
348 2305 453 2361 litteras
463 2320 526 2359 suas
537 2312 661 2374 putentes
671 2306 774 2361 datrttnt
783 2309 872 2362 omnia
886 2323 946 2377 quae
997 2304 1050 2361 troc
1063 2306 1169 2363 litteras
1188 2304 1383 2361 testimoniales
1396 2302 1499 2373 Teurpli
1522 2306 1562 2360 cel
1574 2304 1628 2361 itus
1647 2304 1720 2361 itatis
1738 2306 1780 2360 rel

159 2374 187 2431 tu
201 2376 295 2431 cisarta
310 2377 362 2432 ista
375 2375 564 2446 exprimuntur
585 2376 767 2431 continentes.
781 2375 896 2434 Promisi
917 2385 945 2433 ct
995 2378 1158 2457 patriarcba
1181 2374 1426 2445 {tier-nsotputrani.
1460 2374 1494 2429 Et
1518 2375 1575 2431 trec
1596 2322 1695 2433 deflent
1722 2374 1781 2431 tract

160 2444 287 2516 proutitto
307 2447 390 2501 etiarn
408 2458 452 2501 nte
473 2454 627 2514 rogaturam
642 2444 780 2501 dorninom
804 2456 946 2518 papamet
997 2445 1067 2499 rutra
1082 2462 1183 2503 anntuu
1198 2461 1213 2499 a
1229 2456 1316 2500 morte
1328 2460 1388 2499 urna
1405 2445 1445 2498 tet
1464 2447 1580 2501 braconis
1592 2447 1643 2501 urei
1664 2446 1711 2517 qui
1737 2445 1779 2500 di·

159 2514 226 2571 alias
239 2528 370 2585 personas
380 2530 449 2586 quas
462 2514 552 2569 dictus
564 2526 665 2577 comes.
682 2515 802 2571 lraeredes
814 2516 890 2585 ejus,
902 2518 945 2572 ret
996 2522 1068 2569 ctam
1091 2525 1190 2571 terram
1204 2524 1264 2582 post
1279 2529 1323 2569 rue
1343 2514 1480 2579 tenuante,
1495 2524 1520 2568 et
1538 2516 1619 2571 siutiii
1648 2514 1728 2571 nrodo
1753 2514 1780 2568 iu

158 2600 252 2640 eornm
268 2588 423 2641 trtanriatnm
440 2584 714 2650 mittinominnbnnt,
726 2593 756 2639 ut
767 2599 850 2656 super
865 2586 946 2643 dietis
996 2594 1156 2655 pctpctnttnr
1173 2586 1218 2639 tiot
1231 2584 1337 2639 trasone
1349 2598 1407 2637 ttteo
1420 2586 1460 2637 tet
1473 2585 1560 2655 coqui
1570 2598 1670 2641 terrant
1685 2596 1781 2640 tenne·

157 2656 382 2711 contentionibus
406 2654 464 2710 cite
485 2653 708 2724 promissionibus
735 2669 798 2711 snas
822 2664 945 2726 patentes
997 2654 1036 2709 cit
1062 2654 1206 2719 moriente,
1221 2662 1248 2709 et
1263 2652 1345 2708 siurtti
1372 2654 1453 2708 ntotto
1468 2655 1568 2708 cotntte
1595 2670 1642 2711 seu
1674 2655 1781 2709 bareto

157 2722 262 2780 litteras
285 2723 503 2782 conitrmatorias
530 2723 724 2780 testimoniales
748 2726 893 2780 coudciarrt
916 2736 945 2781 ct
995 2737 1045 2779 sno
1061 2724 1205 2782 nmriente.
1221 2722 1329 2778 ltortuo
1343 2729 1431 2777 autern
1443 2738 1476 2777 eo
1489 2725 1533 2792 qni
1556 2722 1657 2779 dictatu
1671 2732 1775 2778 tartatn

157 2795 269 2850 tradant
291 2793 384 2851 comiti
407 2794 563 2877 strpradicto
584 2802 613 2847 ct
635 2794 788 2850 ttmrodibus
807 2797 866 2851 suis
886 2794 945 2864 jam
996 2792 1062 2849 mitri
1088 2792 1252 2864 assignatam
1267 2790 1427 2857 temeritati
1442 2793 1511 2847 oltra
1528 2808 1602 2849 mure
1620 2794 1780 2859 decosscrit.

157 2864 247 2919 dietis.
267 2863 396 2935 Srtppono
410 2874 493 2920 ettam
512 2877 556 2918 nte
568 2861 751 2929 inriartictiotti
771 2865 944 2933 praelatorum
995 2876 1090 2919 ornum
1102 2873 1247 2932 protentus
1266 2860 1418 2917 internuntii
1440 2862 1569 2932 ternporis
1595 2878 1643 2934 per
1668 2878 1779 2918 nuruurn

156 2946 381 3005 quorumcunque
394 2934 440 3004 qui
454 2932 519 2987 mitri
532 2947 546 2986 a
561 2932 636 2988 dicto
649 2933 749 2987 coutitc
762 2935 803 2987 tet
827 2934 943 2989 traerodi·
995 2932 1061 2987 dicti
1088 2933 1196 2988 cornitis
1221 2931 1263 2987 rel
1286 2931 1345 2999 ejns
1373 2932 1486 2987 lnccedis
1515 2933 1780 2999 consternantem

156 3004 207 3058 bns
220 3006 279 3060 suis
292 3004 455 3075 supradictis
469 3002 512 3057 tct
525 3016 619 3057 eornm
636 3003 763 3058 mandato
779 3004 881 3059 luerint
895 3019 944 3059 no·
994 3004 1146 3058 successori
1163 3018 1233 3065 suco.
1250 3001 1354 3058 seilicet
1376 3002 1476 3057 trmrerti
1499 3017 1570 3071 rrteo,
1586 3004 1777 3060 restituentur.

155 3072 267 3142 minati,
281 3076 436 3145 inquorum
453 3070 617 3128 discessibus
634 3072 711 3126 tutuo
725 3073 766 3128 ret
781 3080 881 3129 terram
894 3074 943 3127 tta·
995 3069 1024 3127 Si
1052 3083 1142 3127 antem
1167 3072 1255 3129 lateres
1277 3086 1354 3127 rttcus
1378 3071 1446 3125 inira
1467 3087 1568 3127 anuum
1581 3090 1634 3130 rann
1660 3072 1780 3128 uritterct

154 3141 257 3212 baem,
276 3144 391 3215 petendo
409 3142 583 3215 supplicando
604 3141 741 3199 irnmititcr
760 3143 861 3200 eisdem
876 3149 906 3200 ut
919 3141 943 3200 sl
956 3116 980 3181 c
995 3156 1044 3212 pro
1062 3141 1189 3215 ltontaqio
1214 3140 1349 3208 iaciendo,
1372 3140 1442 3197 sicut
1467 3142 1626 3212 pucilletum
1648 3150 1702 3208 est.
1714 3156 1778 3213 pro-

155 3223 250 3270 contra
262 3213 406 3286 praedictas
416 3213 610 3272 cotrccntiones
622 3212 679 3268 site
691 3213 887 3282 promissiones
899 3212 943 3268 ret
994 3221 1091 3268 tentus
1100 3223 1182 3268 terrac
1194 3223 1286 3268 esseut
1301 3211 1366 3286 rticti
1377 3211 1485 3266 cornitis
1499 3211 1539 3265 cet
1562 3211 1677 3268 tracesiis
1692 3227 1778 3282 usqne

155 3281 274 3354 aliquam
294 3300 388 3341 eanrru
404 3284 495 3355 atiquo
510 3290 631 3352 tempore
648 3285 818 3355 contingeret
837 3298 881 3339 me
893 3297 942 3339 co·
993 3281 1028 3336 ad
1043 3281 1144 3340 tactum
1158 3283 1324 3354 trotnaginnt.
1345 3280 1373 3337 Si
1395 3291 1485 3336 autent
1508 3297 1559 3351 per
1582 3282 1708 3338 comiteur
1735 3281 1778 3336 tet

154 3352 230 3418 nire.
250 3354 277 3410 in
299 3369 441 3424 personatu
458 3367 547 3409 meam
563 3353 852 3410 excommnuicationis
871 3361 899 3409 et
914 3354 941 3410 in
994 3350 1130 3408 barederu
1161 3351 1219 3421 ejus
1240 3361 1326 3408 surret
1348 3352 1494 3422 qnonritrns
1517 3353 1565 3422 ipat
1587 3353 1664 3408 dccet
1682 3353 1779 3408 bonta-

153 3429 256 3479 terram
271 3439 358 3480 meatu
374 3422 509 3481 interdicti
526 3423 676 3479 serttentias
697 3423 899 3496 promulgarent
912 3431 942 3480 et
991 3420 1067 3492 qinm
1084 3421 1154 3478 iutra
1167 3439 1278 3484 antrum,
1293 3437 1354 3478 curu
1374 3421 1468 3478 luisset
1483 3432 1668 3493 competenter
1687 3421 1778 3493 requi·

153 3505 238 3564 usque
252 3495 285 3550 atl
297 3494 455 3564 condignans
472 3491 685 3549 satisfactionem
697 3493 807 3548 easdem
821 3493 941 3550 lacerent
990 3493 1072 3558 situs,
1088 3491 1154 3549 nitril
1177 3492 1278 3548 lrreredi
1302 3505 1363 3548 tneo
1373 3491 1521 3563 deperiret,
1543 3496 1589 3549 sod
1609 3507 1704 3550 omues
1717 3505 1779 3560 pro·

152 3557 343 3620 inviolabiliter
356 3563 505 3622 obsecrari.
520 3562 587 3619 l'oto
600 3563 680 3619 etiarn
694 3569 722 3618 et
733 3565 854 3621 concedo
868 3565 940 3630 qnod
993 3572 1091 3619 t'crrtus
1102 3563 1186 3619 totius
1198 3561 1329 3632 temporis
1340 3561 1492 3618 intermedii
1510 3563 1611 3637 transsui
1632 3579 1692 3618 tneo
1708 3561 1775 3618 sulti

152 3648 197 3688 ute
210 3646 237 3688 et
248 3634 369 3690 heredes
383 3647 457 3691 ntcos
472 3634 507 3689 art
519 3633 716 3692 restitutionem
731 3633 853 3689 omnium
865 3634 941 3689 datu·
989 3642 1099 3698 essent,
1126 3641 1154 3690 ct
1177 3631 1277 3688 saisina
1295 3640 1374 3687 terrm
1398 3631 1498 3688 baltico
1520 3633 1639 3699 ciusdem
1662 3633 1777 3689 barattis

153 3702 938 3775 norametospensamrnlrrrjnsrnortioccasionctactarnm
990 3702 1044 3758 urci
1068 3701 1232 3760 traderetur.
1255 3699 1437 3759 Nihilominus
1461 3713 1552 3758 tanteu
1582 3719 1644 3758 curu
1667 3708 1701 3758 ad
1719 3703 1776 3758 bc·

152 3770 824 3844 dictocoraitietbcecedittuscjussupradictiscom
860 3772 938 3842 itant,
990 3772 1082 3828 sertetu
1096 3772 1389 3829 mettrndictuscomes
1404 3773 1447 3828 rct
1464 3771 1550 3828 trterca
1570 3773 1629 3844 ojus
1648 3773 1774 3830 nuntium

151 3841 819 3912 certioratumetmiserationibusatrpradtctismtn
831 3842 939 3899 ouriuns
989 3842 1121 3909 mitteret,
1137 3841 1189 3913 ipsi
1203 3843 1300 3898 nuntio
1312 3841 1467 3912 nonraqinnr
1483 3841 1573 3898 tacere
1583 3857 1616 3900 co
1631 3844 1710 3898 ruodo
1720 3857 1774 3912 qno

151 3909 180 3966 ln
191 3912 608 3969 scombocednrsturis.luraci
619 3912 702 3966 ctiam
713 3913 784 3982 quod
797 3923 862 3968 ante
873 3927 939 3968 con-
988 3909 1091 3966 dictnm
1109 3922 1151 3969 est
1163 3912 1250 3968 traces
1262 3927 1339 3968 mens
1358 3921 1508 3968 teneretur.
1529 3911 1641 3986 tusuper
1658 3912 1776 3968 battirrts

152 3977 298 4038 tectionem
316 3983 410 4038 ttaruut
432 3982 584 4040 litterarum
609 3983 696 4038 dictos
723 3982 868 4038 comitatus
893 3984 936 4038 rel
987 3981 1105 4040 tarenis
1123 3983 1175 4038 tuci
1193 3983 1220 4038 in
1235 3991 1309 4038 terra
1337 3981 1409 4038 dicta
1424 3983 1518 4039 trontiti
1532 3982 1635 4051 incaluit
1657 3981 1775 4039 bdetita·

150 4048 267 4107 atterum
288 4067 381 4108 oornm
404 4052 446 4109 rel
469 4055 551 4116 etiam
569 4061 674 4124 partem
698 4051 775 4108 dicte
790 4061 869 4107 tesrae
887 4068 937 4110 ue·
987 4057 1041 4104 tctn
1069 4062 1292 4110 acaemetarum
1319 4051 1439 4122 quaudiu
1462 4053 1516 4108 erit
1541 4052 1672 4122 balticus,
1690 4062 1717 4108 et
1741 4051 1776 4108 tte
1804 4071 1806 4076 ¹

151 4118 219 4177 mini
245 4121 381 4184 dederant.
395 4123 583 4186 retrdideraur.
605 4120 649 4184 tet
671 4134 875 4190 concesserarn3
888 4137 937 4178 es·
986 4117 1059 4175 dicta
1075 4133 1147 4178 terra
1158 4123 1231 4177 dicto
1251 4121 1345 4177 comiti
1363 4121 1404 4176 tet
1416 4122 1517 4178 bscredt
1534 4123 1592 4193 cius
1616 4130 1775 4194 cotupeteu·

149 4201 231 4259 cepto
242 4191 293 4248 troc
304 4192 376 4260 qnod
387 4193 499 4263 pmmtsi
513 4192 699 4264 septingentas
719 4190 834 4248 libratas
854 4202 936 4250 terrae
985 4189 1023 4244 tia
1048 4193 1159 4249 servitia
1174 4191 1349 4248 scincturam
1367 4193 1485 4262 quandin
1507 4195 1595 4250 luens
1617 4209 1693 4249 mcns
1707 4207 1752 4248 tuo

150 4269 217 4317 ante
230 4261 427 4320 coniectionem
437 4263 550 4319 istamm
565 4261 790 4331 litterarumque
806 4277 861 4318 uon
886 4277 936 4333 po·
984 4273 1044 4316 ram
1058 4262 1154 4320 iecerit
1170 4263 1239 4318 uttra
1254 4277 1339 4318 utare.
1360 4262 1504 4319 Sciendum
1526 4275 1618 4320 arrtcur
1635 4273 1677 4319 est
1700 4263 1773 4333 quod

150 4337 241 4386 terant
254 4331 313 4400 capt
331 4347 381 4388 nec
396 4331 463 4389 solvi
477 4333 504 4388 in
520 4343 593 4389 terra
617 4331 721 4393 adicto
745 4333 845 4389 comite
864 4333 933 4394 mitti
984 4329 1008 4385 si
1020 4331 1112 4389 dictus
1126 4347 1220 4388 conres
1233 4333 1376 4388 decederet
1389 4331 1447 4390 siue
1460 4334 1566 4390 tras-rede
1591 4333 1633 4390 vet
1655 4333 1773 4390 treredt·

149 4400 305 4470 assignata
320 4402 373 4459 nisi
387 4401 457 4458 torte
469 4402 689 4463 centnmtibratae
700 4411 780 4456 terrae
789 4417 857 4472 quas
869 4417 931 4486 prn-
985 4399 1037 4457 bns
1049 4403 1084 4458 de
1097 4419 1182 4460 uxore
1193 4401 1235 4458 cet
1256 4403 1398 4470 uxoribus,
1411 4404 1483 4457 sicut
1495 4420 1576 4474 snpra
1593 4405 1695 4460 dictuur
1715 4411 1768 4468 est,

148 4467 210 4529 tttlsi
224 4479 252 4526 et
265 4472 387 4527 concessi
403 4471 541 4527 l'toreutio
553 4472 586 4527 de
603 4471 672 4528 litia
699 4470 778 4525 militi
796 4487 845 4542 per
858 4473 933 4528 trite·
947 4461 970 4518 Ι)
984 4484 1093 4542 pmpter
1107 4475 1158 4530 ista
1180 4488 1241 4544 qnae
1266 4475 1293 4529 in
1321 4473 1415 4528 ctrartn
1439 4473 1490 4527 ista
1515 4477 1691 4530 continentur
1706 4473 1773 4527 nribi

148 4553 195 4594 ras
209 4555 284 4595 urens
297 4543 348 4595 snb
367 4548 442 4596 certo
460 4542 550 4604 modo,
574 4555 636 4611 queo
655 4538 738 4596 etiam
758 4541 857 4598 ibidont
878 4559 933 4598 uon
985 4543 1026 4596 tel
1043 4543 1143 4600 trmcedi
1157 4559 1219 4602 rtteo
1233 4561 1286 4600 non
1302 4546 1470 4600 tuinnctctnr
1494 4545 1593 4614 justet
1615 4554 1773 4614 augmentu-

149 4609 361 4679 assiquabuntnr
384 4611 435 4667 nisi
453 4609 499 4680 ius
530 4610 632 4666 donriai
659 4609 732 4680 regis
760 4611 795 4666 ad
824 4613 934 4668 boemo
986 4613 1284 4686 retnrinattquoqnin
1314 4628 1365 4682 ego
1391 4622 1419 4669 ot
1443 4611 1532 4670 traces
1555 4629 1632 4670 urens
1649 4627 1773 4670 essartare

147 4679 346 4749 compatiare
392 4696 465 4738 ome
479 4678 622 4740 detendunt
639 4679 665 4736 in
690 4694 773 4736 causa
788 4690 933 4762 quarttrun-
984 4679 1011 4736 itr
1022 4684 1118 4744 eodem
1130 4694 1232 4762 putrcto
1247 4682 1429 4754 prosequendi
1448 4681 1494 4754 jus
1515 4692 1649 4748 nostrum,
1662 4684 1684 4736 si
1700 4681 1773 4752 quod

147 4763 254 4818 conque
267 4759 363 4822 potero
416 4747 932 4819 uatide.t⁸t'ecjus,siquodrbiltabe·
983 4741 1199 4820 ltnbct'emus,in
1221 4751 1544 4824 quoeranrnsautelrnc
1572 4754 1773 4822 onuriasupra·

147 4817 211 4872 lratn
223 4821 265 4876 cet
278 4820 380 4877 trabere
393 4831 524 4893 mnsam,
539 4821 582 4878 tel
599 4821 722 4875 actiones
734 4835 819 4888 meas,
832 4821 934 4890 siquas
983 4820 1067 4886 dicta.
1080 4825 1157 4880 saluo
1169 4825 1264 4880 doario
1277 4821 1435 4888 bernacer-e
1446 4824 1594 4880 eorntttssa
1607 4823 1767 4892 Campaniae

146 4885 291 4957 trahebam,
306 4891 386 4946 attoni
399 4901 598 4958 concesserant,
615 4890 655 4946 tol
684 4904 849 4964 quocunque
878 4890 933 4946 :rtio
984 4894 1152 4952 utortsdtcrt
1168 4892 1287 4956 comitis.
1304 4890 1366 4950 iiiito
1384 4890 1487 4950 donnini
1509 4893 1711 4950 Arcuarntrauti
1737 4897 1773 4954 do

146 4957 436 5041 motioattenaceranu
453 4977 504 5018 uec
517 4961 661 5018 decaetero
681 4960 776 5014 certant
802 4959 842 5016 cel
862 4961 931 5018 alie·
982 4958 1102 5030 Boubon,
1115 4964 1187 5033 qnod
1204 4963 1258 5018 tate
1274 4970 1336 5018 est:
1351 4957 1533 5031 Spncttacutn,
1550 4961 1697 5024 l'tctntorn.
1722 4963 1772 5022 Se·

146 5028 218 5082 ttalro
224 5043 269 5098 ,tus
278 5031 319 5086 vet
334 5031 495 5098 actiotrea‚si
506 5047 574 5101 qous
583 5029 715 5086 trabebant
728 5031 770 5086 rel
781 5031 930 5089 babueratu
981 5035 1092 5096 saturis,
1118 5031 1323 5097 Cantnurernta,
1348 5029 1458 5099 Pontes,
1481 5029 1647 5104 diagonium,
1673 5031 1771 5091 lteris·

144 5101 443 5171 antecornpositionem
454 5104 533 5157 istam
547 5101 580 5156 ad
593 5100 724 5173 pctcndos
740 5100 829 5160 dictos
843 5101 931 5159 comi·
981 5119 1055 5172 curn,
1081 5103 1226 5160 Peantinrn
1244 5113 1273 5160 et
1294 5099 1465 5159 casrattanta'
1483 5114 1512 5158 et
1534 5103 1713 5173 pertinentiae,
1728 5121 1771 5162 co·

145 5175 220 5224 tatus
232 5169 273 5226 ccl
288 5171 402 5227 alterurn
414 5186 519 5228 ertrtuo.
622 5185 697 5219 m·-
981 5177 1106 5230 ruurdetu
1118 5173 1251 5240 locorum,
1262 5170 1390 5230 &roonis
1405 5180 1434 5227 et
1446 5171 1671 5240 parmanente
1683 5175 1770 5234 etiarn

180 5234 314 5296 Praedicta
337 5242 429 5299 otnuia
444 5242 572 5299 urritcrsa
583 5248 614 5297 ct
624 5240 729 5312 snpra
737 5239 828 5313 joran
849 5243 933 5304 tactis
979 5244 1154 5315 pactionibus
1169 5243 1244 5306 irritis
1254 5257 1337 5314 super
1348 5241 1491 5314 nrartragto
1503 5245 1584 5302 dicte
1605 5245 1764 5314 ltataneta·

143 5311 328 5367 sacmsanens
350 5312 425 5368 Esau
443 5311 503 5368 eliis
525 5324 569 5368 ute
590 5321 759 5372 servaturam
781 5321 810 5368 et
833 5313 929 5388 inrpts·
981 5330 1032 5384 pro
1044 5315 1159 5386 triginta
1173 5321 1201 5370 et
1213 5327 1260 5370 sex
1288 5311 1410 5367 millibus
1428 5312 1560 5371 librarum
1575 5312 1769 5370 Parisiertsinur

144 5383 456 5503 tegametqtmduoto
475 5393 596 5508 tempore
609 5383 928 5456 permecetperaitum
980 5388 1007 5443 in
1028 5385 1173 5455 ruacitaqio
1188 5385 1277 5439 eidetn
1297 5381 1497 5453 llarqaretma
1526 5385 1599 5442 dicto
1621 5393 1698 5454 patre
1718 5399 1770 5442 arto

212 5463 241 5503 ra
266 5467 320 5506 nou
343 5464 414 5514 eant.
427 5462 456 5508 et
489 5468 507 5507 u

145 5468 735 5594 lroclnrantentoabsolr‘a'tnetqucttmitri
758 5523 928 5595 aliquidque
978 5529 1079 5598 ritagio
1093 5525 1161 5582 nibil
1179 5525 1280 5594 poterit
1300 5524 1360 5594 capt
1387 5525 1414 5579 in
1444 5535 1518 5582 tert-a
1547 5528 1675 5596 prr-edicta
1702 5523 1769 5586 rnlbi

144 5591 291 5712 tetardum
301 5592 328 5648 in
341 5592 504 5662 supradietis
516 5593 805 5664 reatinumr‚etquqo
818 5596 840 5650 ai
854 5595 927 5665 quod
979 5599 1128 5668 assignata.
1153 5594 1241 5666 Super
1263 5595 1398 5666 praedicte
1414 5604 1493 5652 terre
1510 5595 1697 5668 assignatione
1715 5609 1768 5654 nco

164 5672 245 5714 orum
260 5661 400 5736 abaliquo
415 5671 606 5732 cssctpronte
621 5663 795 5736 impetratum
824 5680 926 5734 pertus
978 5685 1033 5726 non
1061 5667 1242 5740 quadr-aginta
1271 5663 1386 5720 uritliuut
1417 5664 1549 5720 librarunr
1577 5665 1768 5723 satisi'uctiotto

144 5728 250 5800 volpes
263 5731 420 5804 atium,nou
436 5744 506 5803 utar,
517 5741 546 5790 ct
557 5735 629 5808 quart
639 5749 689 5792 ttcc
707 5734 869 5808 jamdictum
881 5750 926 5794 ott·
979 5752 1059 5802 terren
1076 5755 1117 5798 uro
1133 5753 1182 5816 pto
1198 5748 1306 5812 purgata,
1317 5745 1344 5795 ct
1355 5738 1486 5794 cotttttcot·
1499 5751 1541 5798 tnc
1557 5748 1664 5814 qratunt
1675 5737 1769 5800 ttteuttt

564 5465 618 5508 non
636 5453 790 5517 ”ccccmo
802 5455 876 5524 qaod
893 5453 930 5509 ab
978 5458 1061 5513 datis.
1077 5457 1115 5512 tta
1129 5466 1221 5511 tarneu
1233 5454 1307 5524 qnod
1319 5454 1353 5509 dc
1366 5453 1437 5511 dicta
1449 5456 1562 5526 pecnnia
1576 5459 1638 5512 data
1661 5457 1688 5510 iu
1711 5471 1768 5510 tna-
