4109 6325
157 354 191 409 ee
607 346 860 406 nouitatuurus
877 347 971 405 suno
989 348 1046 416 ιιι,
1066 349 1203 408 crtursrt
1225 352 1303 409 tsoe.
1337 340 1341 344 ’
1732 330 1784 414 'nt

155 442 330 499 innodarunt.
345 437 414 495 Cum
433 451 498 509 ergo
513 436 602 493 dletus
627 440 776 494 nrorruchus
791 453 876 509 raptus
892 438 943 495 iret
956 446 980 503 Α
994 438 1103 497 efficere
1114 461 1167 502 uon
1183 445 1352 508 curantibus,
1367 442 1437 499 ident
1449 442 1533 500 abhas
1552 442 1586 499 ad
1598 452 1721 500 nostram
1736 461 1784 500 au-

154 545 181 591 et
194 532 325 604 prologus
339 538 547 602 superterram,
561 529 645 586 abbas
660 528 776 585 llediani
790 531 848 601 ejus
871 546 944 586 turen·
995 532 1125 588 dientiam
1136 535 1288 605 appellauit.
1303 534 1339 587 nt
1352 532 1413 602 ipsi,
1428 532 1605 603 appellatione
1617 543 1783 604 contempte,

154 625 262 681 diritati
285 622 466 692 compatiens,
479 620 514 677 de
538 610 671 677 corrsensu
687 619 795 691 capituli
815 621 856 675 sui
870 634 945 675 eum·
995 624 1157 678 seutentiam
1170 621 1459 679 excommunicationis
1482 623 1508 677 in
1525 637 1587 678 euru
1607 622 1784 679 nihilominus

155 720 214 775 dem
236 714 448 772 inmonanhum
465 714 568 783 recepit
587 722 615 769 et
636 713 760 779 fratrent,
776 713 860 768 donec
883 727 945 767 cum
996 714 1174 785 protulerunt.
1189 714 1279 783 Quare
1293 714 1361 783 ipse,
1376 714 1473 769 nuntio
1492 716 1631 773 adsedem
1655 716 1785 787 apostoli·

155 808 261 865 abbatis
275 804 381 878 praelati
396 804 483 877 gratia
502 813 593 875 posset
611 804 645 858 ad
660 818 738 859 strtrm
751 803 945 859 monasterium
996 820 1056 861 cam
1071 806 1215 875 destinato,
1230 806 1264 861 ad
1277 797 1403 865 abbatem
1418 805 1512 863 Sancti
1530 809 1662 879 arnulphi
1677 817 1706 864 et
1718 823 1785 865 cou-

155 898 367 966 remensem
390 908 516 953 manente
541 896 653 964 ibidem,
679 896 766 953 (lictus
788 896 873 951 abhas
894 895 945 951 sibi
993 898 1102 970 judices
1123 914 1187 955 suos
1208 900 1318 956 anobis
1327 900 1446 957 obtinuit
1470 902 1626 957 demandari
1640 900 1703 956 utsi
1720 914 1788 957 eon·

155 990 282 1063 promisit
295 990 367 1061 quod
383 989 405 1044 si
419 987 597 1045 absolutionis
610 989 716 1043 litteras
729 988 762 1043 ab
776 987 873 1043 abbate
885 985 946 1041 bel·
996 998 1082 1047 staret
1095 990 1197 1047 eisdem
1211 991 1353 1062 praelatum
1366 992 1492 1048 abbatem
1505 1001 1567 1062 post
1579 992 1786 1063 appellationem

156 1082 245 1155 liprati
259 1082 384 1138 obtentas
400 1080 449 1151 ipsi
477 1080 645 1146 ostenderet,
666 1079 840 1150 praebendam
860 1090 888 1134 et
908 1078 947 1135 lo·
997 1082 1031 1137 ad
1045 1098 1094 1139 nos
1106 1084 1291 1153 interpositam
1304 1100 1319 1139 a
1332 1083 1444 1155 praelato
1458 1084 1585 1155 episcopo
1599 1086 1707 1154 suisque
1721 1099 1788 1141 cou-

157 1188 217 1230 cum
235 1172 286 1229 sihi
302 1171 458 1227 restitueret
469 1170 529 1227 siue
549 1185 636 1227 mora.
652 1170 739 1238 erud,
757 1170 822 1226 uisis
836 1171 946 1239 litteris,
993 1170 1132 1242 iudicibus
1154 1174 1418 1229 excommunicatum
1440 1172 1525 1228 luisse
1538 1182 1566 1229 et
1578 1174 1744 1242 processisse
1758 1175 1785 1229 in

158 1267 240 1323 uoluit
253 1262 415 1335 adimplere,
429 1278 539 1319 statuens
561 1274 657 1319 contra
672 1264 758 1333 ipsuru
773 1263 946 1319 occasionem
997 1278 1079 1319 causa
1094 1264 1196 1319 dictum
1208 1263 1364 1333 episcopum
1385 1272 1446 1333 post
1460 1262 1648 1318 inhibitionem
1662 1261 1783 1331 iudicum

157 1373 189 1412 ea
204 1370 236 1411 eo
250 1353 322 1425 quod
334 1351 443 1407 nolebat
460 1352 546 1407 eidem
568 1351 594 1405 in
608 1352 742 1407 liareseos
754 1350 867 1407 crimine
881 1366 948 1407 eon·
996 1355 1198 1426 predictorum,
1214 1353 1297 1409 latam
1315 1354 1478 1410 sententiam
1496 1353 1789 1410 excommunicationis

157 1442 400 1503 sentirc.Tandem
415 1456 479 1498 uero
489 1444 577 1502 dictus
590 1444 740 1499 monachus
755 1458 770 1498 a
786 1444 947 1513 quibusdam
998 1446 1024 1502 in
1038 1462 1100 1502 eunt
1116 1446 1309 1503 denuntiantes
1320 1447 1428 1517 penitus
1443 1461 1504 1503 esse
1519 1446 1632 1507 nuliam,
1648 1446 1671 1501 si
1691 1446 1790 1516 praedi·

155 1538 302 1611 iuditibus.
320 1550 389 1607 q¹¹⁰⁸
408 1550 472 1606 liis
493 1534 605 1591 ”iiiiii
627 1544 721 1593 0⁰¹¹il³
746 1551 807 1592 eum
824 1536 947 1593 obtinue-
998 1552 1072 1597 etum
1098 1540 1261 1597 monachum
1286 1539 1441 1595 invenirent
1470 1538 1660 1595 cisterciensis
1684 1537 1790 1593 ordinis

158 1636 210 1695 tat,
237 1635 376 1688 euocatus,
402 1624 435 1677 ad
456 1623 542 1679 locum
565 1624 617 1680 sibi
643 1624 782 1695 praei'txum
810 1626 946 1693 accessit,
998 1633 1120 1689 habitum
1139 1632 1292 1702 suscepisse
1312 1640 1340 1686 et
1360 1630 1432 1702 qtrotl
1452 1631 1537 1686 abbas
1559 1644 1621 1685 eum
1644 1629 1792 1699 recepisset

158 1734 212 1774 uno
225 1702 332 1774 tanturn
356 1716 455 1773 ibidem
478 1715 587 1773 inuento
603 1718 740 1785 recedens,
755 1726 783 1774 et
800 1719 947 1775 aduersarii
999 1723 1120 1796 ignartrs,
1136 1724 1260 1780 eumdem
1284 1722 1374 1779 redire
1390 1722 1424 1779 ad
1439 1721 1588 1778 elatustrurn
1601 1736 1718 1778 censura
1740 1736 1789 1778 ec·

158 1810 264 1882 eiusad
277 1807 473 1879 duosreliquos
488 1807 551 1864 alibi
564 1819 750 1883 accesserunt,
772 1819 800 1867 et
822 1813 947 1869 obtinue-
963 1786 984 1841 Β
998 1818 1150 1872 elesinstica
1172 1823 1341 1879 coercerent,
1355 1814 1389 1870 ab
1405 1814 1574 1885 impetitione
1588 1813 1673 1884 ipsius
1686 1814 1789 1870 dictum

161 1912 227 1957 ruunt
242 1902 328 1959 abeis
340 1900 367 1956 in
381 1899 501 1955 absentia
515 1915 563 1955 sua
576 1900 697 1971 iniquam
709 1900 824 1972 prolerri
838 1911 947 1958 senten·
998 1900 1124 1958 abbatem
1144 1901 1320 1956 nibilominus
1342 1900 1525 1956 absolventes.
1542 1899 1618 1968 Quod
1638 1902 1690 1972 ipsi
1709 1913 1792 1970 super

162 1994 229 2049 tiam
244 2003 337 2050 contra
350 1992 443 2061 ipsum.
459 1990 633 2047 Postmodum
660 1999 749 2047 autent
763 2007 812 2063 per
826 1992 949 2049 aliaslit-
1000 1991 1034 2047 iis
1057 1992 1187 2061 inquisita
1203 2001 1231 2047 et
1255 1991 1364 2062 cognita
1388 1992 1504 2048 veritate
1526 1991 1641 2047 tideliter
1663 1989 1790 2061 exsequi,
1878 2059 1882 2068 Ι

162 2092 239 2139 teras
253 2083 338 2153 ipsunt
353 2082 445 2136 iterum
458 2080 534 2135 uitari
548 2078 669 2135 lecerunt
681 2098 689 2136 ι
701 2095 768 2150 qtras
783 2098 843 2137 curra
866 2084 949 2139 buhe-
998 2090 1191 2156 ptroeurarunt,
1207 2082 1287 2157 nobis
1317 2081 1454 2138 humiliter
1479 2081 1661 2151 supplicantes
1681 2090 1711 2135 ut
1728 2096 1792 2150 pro·

159 2180 202 2229 ret
213 2174 245 2228 de
262 2172 380 2227 salsitate
399 2179 549 2241 suspectas,
564 2178 590 2226 et
606 2170 712 2242 judiees
729 2180 820 2243 utpote
830 2173 949 2229 aduersae
999 2190 1109 2231 cessum
1134 2174 1260 2241 illorunt,
1287 2182 1416 2244 tanqttam
1442 2172 1591 2243 legitimum
1615 2171 1792 2241 dignaremur

159 2264 230 2336 parti
245 2260 410 2317 intonabiles
427 2268 454 2316 ot
473 2261 598 2330 benigni,
625 2262 728 2316 nollent
744 2260 802 2333 ejus
820 2262 950 2337 legitimas
1000 2267 1165 2322 auctoritate
1188 2265 1337 2336 apostolica
1362 2265 1534 2321 conllrmare.
1550 2263 1618 2320 Cum
1641 2262 1725 2333 igitur
1745 2277 1793 2317 ea-

160 2356 335 2426 eaceptiones
352 2354 497 2409 admittere
513 2369 562 2409 uec
576 2353 609 2408 ad
626 2354 779 2424 probandas
792 2368 889 2411 causas
901 2370 948 2410 su·
1001 2357 1275 2429 peilanuspraedictus
1288 2357 1381 2412 hascet
1402 2356 1521 2425 alienare
1533 2354 1668 2426 proposita
1684 2354 1793 2410 inerant

161 2448 291 2519 opinionis
317 2446 435 2501 arbitros
457 2444 508 2500 sibi
526 2446 601 2510 dare,
624 2444 694 2500 idem
710 2445 743 2500 ad
762 2452 881 2499 nostruin
902 2459 950 2497 uu-
1001 2464 1093 2506 coeam
1118 2462 1151 2503 so
1175 2448 1254 2503 nobis
1273 2447 1353 2517 piene
1375 2460 1408 2502 ae
1427 2446 1543 2502 fideliter
1566 2444 1713 2509 retulisset,
1730 2445 1794 2515 ptris

162 2539 291 2595 dientiam
319 2537 480 2609 appellarit,
507 2536 604 2592 festum
634 2535 761 2595 Onrttiurn
787 2540 949 2595 Sanctorum
1001 2540 1263 2616 percnniessionern
1283 2537 1406 2611 ipsiusi.
1429 2536 1514 2594 luisse
1537 2537 1717 2606 receptumin
1741 2538 1794 2594 alio
1893 2589 1896 2597 ,

160 2632 283 2701 proximo
295 2632 461 2701 preteritum
471 2630 617 2685 terminum
631 2644 686 2685 suae
696 2629 868 2701 appellationi
881 2643 950 2699 ινιτ-
1003 2638 1171 2694 norrastenn
1199 2633 1324 2691 constitu
1347 2630 1505 2697 euidenter,
1520 2630 1678 2685 discretioni
1699 2638 1795 2685 resuae

162 2726 248 2795 iugens
262 2740 270 2776 ε
286 2732 314 2779 et
335 2722 388 2779 sic·
401 2722 450 2778 lite
476 2720 586 2777 minime
610 2729 777 2789 contestata,
792 2735 843 2775 nec
869 2734 952 2791 super
1002 2744 1052 2800 pse
1074 2727 1223 2800 spssisiiss
1238 2724 1339 2794 scripta
1365 2720 1528 2776 mandamus
1553 2727 1685 2790 qnatenus
1707 2722 1797 2776 nepe.

162 2813 304 2887 brintibili
317 2814 411 2871 habita
430 2815 577 2880 mihimet
594 2814 706 2871 recessit
721 2812 890 2883 iblffiessiii
905 2827 953 2868 00·
1002 2830 1076 2877 ctum
1095 2819 1249 2875 coenobium
1273 2814 1365 2872 Sancti
1387 2812 1526 2869 vincentii
1545 2811 1658 2867 ulterius
1670 2822 1797 2881 gratetur

162 2908 379 2975 lssffltissmtmbss
389 2909 525 2985 humiliter
533 2907 688 2979 subplicius
699 2915 728 2961 ¹¹¹
739 2912 882 2975 l²l00¹¹²⁰⁸
893 2905 952 2977 eitan
1003 2910 1141 2967 laboribus
1152 2921 1180 2967 et
1194 2906 1331 2979 expensis,
1348 2906 1435 2975 ipsum
1451 2904 1486 2959 ab
1507 2902 1694 2972 impertitione
1706 2901 1795 2972 ipsius
1873 2900 1877 2909 '

163 3000 301 3058 laboribus
317 3010 345 3056 et
371 3002 507 3072 expensis,
527 3001 613 3071 ipsurn
642 2998 723 3069 recipi
748 2998 899 3055 laceremus
924 2998 950 3053 in
1004 3000 1028 3060 l.
1044 3001 1151 3058 subiato
1171 2998 1360 3071 appellationis
1384 2994 1525 3053 obstaculo
1550 2993 1708 3060 absolvatis,
1732 3007 1794 3047 cum

164 3104 238 3158 pace,
254 3090 288 3145 ad
301 3090 498 3146 correctionem
511 3087 615 3144 abbatis
629 3096 655 3142 et
670 3087 864 3143 tnonauhorum
880 3086 987 3181 ipso·C
1003 3091 1192 3151 ecclesiastica
1209 3103 1324 3147 censura
1345 3095 1473 3160 cogentes
1495 3094 1526 3141 nt
1545 3086 1578 3141 ad
1599 3086 1795 3140 monasterium

165 3197 223 3236 rum
241 3197 338 3238 manus
351 3191 458 3238 nostras
476 3181 652 3238 nihilomiuus
675 3192 850 3252 apponentes
866 3179 953 3238 caere-
1003 3201 1083 3245 suum
1098 3187 1194 3243 redeat
1206 3193 1236 3240 et
1254 3197 1333 3238 sunm
1354 3181 1452 3237 ibidem
1477 3177 1617 3248 impendar
1633 3177 1744 3233 domino
1755 3175 1796 3232 is.

165 3274 551 3345 runtprocuratorpraedictus
564 3273 703 3346 proposuit
716 3274 953 3347 exaduersoquod
1003 3277 1144 3335 mulatum.
1161 3275 1238 3344 Quod
1260 3274 1284 3330 si
1310 3287 1364 3328 nou
1385 3283 1494 3335 omnies,
1515 3276 1583 3337 ete,
1603 3277 1631 3324 tu
1643 3283 1692 3336 ea,
1708 3266 1796 3323 irater

165 3367 309 3422 cumidem
324 3365 474 3428 monachus
490 3367 516 3419 iu
538 3365 644 3420 duobus
666 3366 839 3422 monasteriis
849 3366 953 3422 Cister-
1002 3371 1142 3442 episcope,
1154 3383 1214 3425 cum
1233 3380 1327 3423 eorum
1350 3364 1447 3427 altero,
1461 3368 1516 3417 etc,

164 3459 268 3513 niensis
291 3457 393 3514 enlinis
418 3451 491 3511 lacta
516 3455 696 3527 prolessioue,
721 3456 748 3512 in
764 3471 827 3520 ,uno
847 3456 953 3512 illorum
1041 3467 1138 3522 nasum
1158 3460 1283 3526 biterbii,
1296 3475 1332 3515 arr
1344 3457 1404 3514 llal.
1418 3455 1502 3527 lunii,
1520 3453 1697 3530 poutibcatus
1711 3451 1798 3510 notit!

165 3549 355 3604 monachalem
366 3549 486 3605 hubitant
497 3548 670 3620 suscepisset,
682 3550 788 3606 tandem
800 3559 954 3620 apostatare
1006 3571 1079 3614 inim
1092 3554 1266 3614 (ipsissimo,
1546 3539 1549 3542 ’

165 3657 220 3698 non
235 3650 369 3709 metuens,
380 3643 414 3699 ad
427 3642 568 3714 prelatum
582 3641 719 3709 abbatem,
736 3643 786 3700 hoe
803 3643 895 3710 tacito,
908 3658 954 3699 stt·
1293 3697 1296 3704 ,
1361 3645 1442 3703 XLV.

100 3777 104 3784 .
165 3749 214 3807 per
241 3734 396 3802 receptione
422 3748 470 3789 sua
496 3742 603 3788 nostrus
630 3731 734 3788 litteras
753 3733 954 3803 impetrauit;a
1223 3754 1346 3795 iniussn
1368 3755 1430 3796 iser
1449 3752 1585 3796 inserere.

167 3842 219 3898 *1¹¹⁰
231 3824 282 3880 fiii
305 3840 367 3882 ⁰¹¹¹ss
385 3838 491 3879 summi
509 3820 650 3879 ‘iel'ffliffllss
675 3834 808 3892 receptus.
827 3824 879 3878 Sed
894 3839 954 3878 libb
1007 3832 1186 3889 Pertuudetttr
1199 3842 1227 3886 ut
1242 3843 1348 3902 treuput
1360 3834 1431 3886 ineat
1445 3828 1610 3886 consentite
1623 3821 1796 3894 Tripolitana.

167 3917 340 3990 postmodum
358 3916 536 3987 comperisset
558 3915 681 3970 eumdem
706 3914 893 3971 cisterciensis
909 3931 954 3970 or·
1218 3923 1353 3996 (vitei-pii,
1365 3940 1385 3979 u
1399 3923 1469 3981 Non,
1489 3920 1586 3990 sernia)

167 4012 236 4067 dinis
249 4011 372 4066 habiturn
385 4010 547 4080 suscepisse,
563 4011 596 4064 de
608 4009 721 4066 consilio
737 4007 852 4066 iratrum
868 4010 955 4066 eidem
1043 4015 1132 4088 seper
1155 4015 1292 4072 discordia
1314 4029 1375 4084 qun
1399 4014 1433 4070 de
1457 4011 1610 4084 principatu
1630 4005 1800 4062 Antiocheno
1868 4061 1873 4070 ,

168 4103 283 4172 iniunxit
302 4111 332 4158 ut
353 4102 454 4158 rediret
475 4102 507 4156 ad
523 4100 673 4156 claustrum
697 4107 725 4156 et
740 4100 838 4157 ibidem
854 4102 956 4158 viveret
1009 4107 1081 4163 inter
1104 4116 1131 4162 te
1143 4105 1289 4162 occasione
1304 4104 1411 4175 nepotis
1433 4102 1472 4158 tui
1494 4110 1523 4156 et
1538 4099 1665 4155 comiteur
1681 4092 1801 4163 Tripuri·

166 4198 242 4268 juxta
266 4193 456 4251 cisterciensis
480 4193 583 4250 ordinis
607 4191 742 4250 instituta.
763 4192 834 4248 ldem
862 4207 956 4264 ergon
1008 4207 1101 4255 tanum
1129 4198 1247 4268 peccatis
1270 4195 1441 4267 erigentibus
1460 4202 1503 4248 est
1530 4191 1641 4248 suborta
1656 4185 1801 4243 rebenren·

170 4287 336 4343 turonasterio
354 4283 465 4340 bletensi
486 4283 634 4350 recedens,
651 4281 733 4337 bures
750 4282 808 4354 ejus
825 4281 957 4352 subripuit
1008 4289 1113 4346 tissime
1140 4288 1343 4352 contristemur,
1370 4295 1498 4341 veientes
1517 4297 1553 4337 ne
1573 4281 1662 4335 adbuc
1683 4275 1718 4331 de
1742 4273 1802 4344 ipse

170 4378 372 4444 fffludsslfflieii
393 4376 490 4446 (luibssi
507 4376 541 4430 ³¹)
564 4373 622 4443 ‘1¹¹⁸
644 4374 767 4430 minibus
787 4371 957 4443 li0⁸¹1¹¹01l¹1¹t¹
1008 4379 1152 4450 proueniat
1176 4391 1260 4449 grave
1283 4391 1375 4432 rerum
1399 4373 1581 4445 dispendium,
1605 4368 1690 4424 multa
1704 4378 1803 4434 corpo·

170 4469 302 4534 liheratis,
313 4483 374 4522 cunr
393 4465 462 4521 idem
486 4463 568 4519 nollet
583 4479 598 4516 a
619 4461 721 4534 praelati
741 4462 897 4518 monasterii
909 4477 957 4518 ue·
972 4461 997 4522 b
1010 4483 1071 4524 rum
1086 4477 1203 4538 strages,
1215 4477 1244 4524 et
1254 4467 1348 4538 ingens
1360 4463 1511 4535 periculum
1532 4459 1696 4520 animarum,
1715 4453 1802 4524 quod·

171 4561 278 4617 satiorte
295 4571 412 4626 cessare,
428 4555 571 4627 saepefatus
587 4554 672 4611 abbas
686 4553 718 4608 nd
731 4553 856 4609 dilectum
873 4551 959 4608 illium
1011 4575 1065 4632 que
1078 4576 1131 4616 non
1143 4558 1239 4614 ieviter
1263 4565 1307 4612 est
1327 4555 1487 4619 timendum,
1500 4568 1515 4606 a
1530 4548 1642 4622 perildis
1657 4544 1803 4602 saracenis

171 4651 350 4706 vilariensem
360 4650 484 4705 abbateru
497 4657 523 4703 et
537 4645 694 4714 uortjudices
708 4659 771 4700 suos
784 4653 879 4701 eontra
895 4661 958 4701 eum
1010 4652 1109 4708 nobilis
1122 4648 1265 4706 Antiochia
1288 4655 1437 4717 occupetur
1458 4646 1485 4700 in
1509 4653 1584 4699 tuam
1602 4654 1655 4695 uon
1669 4637 1757 4693 solum
1773 4642 1804 4690 ot

170 4744 290 4800 obtinuit
315 4742 417 4812 scripta
443 4749 551 4808 nostra,
574 4749 604 4793 ut
626 4736 752 4792 uidelicet
777 4737 800 4793 si
824 4745 962 4793 constaret
1011 4759 1099 4811 susm,
1115 4757 1208 4799 seeum
1225 4742 1308 4796 eriam
1332 4739 1415 4796 notius
1434 4732 1648 4794 christianitatis
1673 4725 1802 4795 iniuriam

172 4834 274 4891 eisdem
293 4831 430 4890 diotuml.
447 4831 531 4888 luisse
558 4830 720 4886 monueluun
745 4829 849 4884 ordinis
867 4844 962 4901 supra·
1011 4845 1038 4892 st
1048 4834 1194 4903 jacturam.
1209 4831 1415 4900 Quantumlibet
1437 4836 1528 4884 antem
1542 4832 1647 4897 partem
1671 4816 1802 4886 tuemin-

173 4929 249 4996 tlieti,
266 4926 429 4982 auctoritate
441 4933 533 4980 nostra
547 4923 597 4977 sibi
616 4922 666 4978 snb
679 4920 860 4976 anatheniatis
881 4935 961 4991 poena
1012 4925 1134 4980 stihoare
1159 4923 1267 4986 nitaris,
1282 4920 1353 4977 sient
1370 4935 1418 4991 per
1441 4918 1548 4974 litteras
1563 4923 1624 4968 tuas
1644 4916 1672 4966 et
1686 4907 1801 4964 dilectos

173 5017 347 5092 injungerent
365 5016 436 5087 quod
460 5015 492 5069 ad
517 5012 710 5070 monasterium
728 5013 836 5067 rediens
861 5012 961 5068 dereli·
1013 5012 1083 5069 lilios
1103 5012 1264 5069 Tarsensem
1291 5011 1408 5067 electum
1433 5017 1497 5065 et...
1519 5006 1632 5061 fratrem
1658 4995 1803 5068 hospitalis

174 5122 258 5176 tium.
275 5109 401 5164 abbatem
426 5121 479 5161 ¹¹⁰¹!
495 5111 670 5176 biaefflffiiissi
693 5101 805 5158 ulterius
822 5100 961 5158 iuicsture.
1013 5106 1225 5164 Terttonieorum
1248 5104 1328 5160 uobis
1354 5113 1500 5172 streperem
1523 5093 1670 5158 studuisti,
1696 5089 1804 5144 uidetur

209 5201 259 5268 Qui
279 5214 341 5256 cum
353 5197 452 5253 uellent
467 5193 696 5267 procederejunta
708 5193 834 5246 traditam
846 5191 897 5246 sibi
909 5191 964 5246 lor·
1014 5207 1105 5254 tamen
1121 5196 1187 5252 uiris
1203 5193 1382 5266 prudentibus
1393 5204 1448 5246 tam
1466 5190 1493 5244 iu
1507 5187 1600 5242 divino
1613 5197 1696 5254 quam
1709 5180 1737 5234 in
1750 5179 1803 5232 bn·

175 5309 257 5358 mm·
272 5294 362 5348 dictus
376 5286 442 5347 Md
457 5285 627 5357 limiessiiiffl
642 5294 761 5339 ”0⁵¹l2ffl
778 5283 919 5348 accedens.
930 5281 964 5336 ³1¹
1014 5303 1095 5342 mano
1106 5285 1167 5355 jure
1178 5286 1273 5358 peritis
1287 5293 1332 5338 tna
1345 5285 1370 5338 iu
1384 5281 1435 5336 hoc
1445 5279 1537 5349 petitio
1548 5278 1637 5332 minus
1646 5274 1720 5343 justa
1732 5269 1805 5339 qnod

86 5431 93 5442 .
176 5384 360 5442 uenerabilem
375 5381 486 5437 fratrem
506 5385 629 5434 nostrum
641 5374 793 5430 'lrtlleusem
809 5374 963 5445 episcopum
1015 5379 1136 5449 postulas
1147 5387 1210 5432 ante
1228 5375 1284 5431 litis
1303 5375 1456 5443 ingressura
1469 5369 1570 5439 absque
1587 5363 1689 5434 iudicio
1709 5359 1804 5429 nepoti

174 5487 202 5533 et
214 5476 372 5546 contrudices
385 5487 448 5528 suos
457 5468 677 5526 nostraslitteras
693 5467 855 5538 impetravit,
864 5464 964 5520 nullutn
1015 5478 1062 5525 tuo
1073 5467 1179 5522 restitui
1193 5465 1364 5520 Antiochiam
1381 5460 1424 5516 uei
1436 5460 1507 5529 apud
1526 5459 1610 5514 alium
1622 5448 1804 5524 sequtestrari,

168 5554 309 5624 'iucierrtes
324 5565 429 5621 dealiis
445 5558 799 5626 mentionetu.Quodabbas
813 5559 963 5621 attendens,
1016 5572 1078 5613 curn
1097 5554 1148 5610 etsi
1166 5553 1327 5607 alterutrum
1358 5551 1441 5605 lurcrit
1463 5547 1630 5621 iaciendum,
1648 5542 1805 5613 cognitione

174 5659 241 5732 ipsis
262 5658 329 5716 lecit
353 5671 401 5728 per
424 5670 487 5713 suos
503 5653 610 5725 judiees
626 5649 743 5708 inhiberi
767 5664 802 5705 ne
822 5646 966 5704 occasione
1016 5649 1109 5705 habita
1124 5645 1267 5718 injudicio
1282 5657 1331 5714 per
1352 5643 1516 5699 sententiam
1530 5633 1807 5729 debeatdililuiri,eo

174 5751 281 5824 iliarum
295 5751 322 5807 in
346 5763 427 5806 causa
451 5747 598 5820 precedere
621 5749 796 5803 attentarent.
820 5740 923 5809 Quibus
938 5738 964 5794 id
1016 5737 1088 5808 quod
1100 5752 1161 5794 cunr
1176 5735 1321 5808 predictus
1333 5747 1424 5791 comes
1434 5731 1518 5803 ipsius
1531 5726 1808 5798 ciuitatirposseauoq
