4109 6325
273 336 322 393 Μ

716 332 909 423 tbt'ddattvtt
933 336 1038 400 tttbr.
1059 334 1293 394 beddstbttdtt
1313 335 1375 391 tta.
1391 336 1450 395 ΧΥ.

1853 343 1905 401 aaa

274 463 369 507 annua
397 450 553 520 episcopum
583 446 752 504 l'ieeutinum
785 460 838 505 tam
856 466 904 521 per
925 450 1239 522 publieamtpriutitus
1262 453 1440 507 contraxisse.
1469 450 1593 520 caraque
1611 448 1784 523 postmodam
1806 458 1907 515 mulier

277 542 377 596 lamam
395 553 475 608 quant
499 526 547 607 'per
568 538 713 593 canonicos
729 540 813 610 ipsius
835 541 962 597 Ecclesiae
978 542 1082 597 multa'

253 638 256 644 '
274 634 328 687 tuis
342 630 456 685 luissent
469 627 582 683 auribus
598 628 749 697 inculcata,
765 633 828 689 licet
842 634 976 689 notorium
990 640 1064 689 esset

271 726 399 783 eumdem
415 723 572 792 episcopum
590 722 737 780 elantorem
754 725 798 795 o'ui
816 728 849 782 de
864 728 922 797 ipso
932 728 1064 784 aseende-

271 824 316 871 rat
338 828 419 884 opere
439 812 630 883 complevisse.
655 815 689 868 ad
705 816 838 871 cautelam
861 828 951 873 tamen
975 818 1063 871 cidem

270 908 417 962 terminum
433 904 573 976 praestitisti
589 922 644 974 tpto
658 922 688 961 se
709 916 753 962 tuo
770 911 926 977 conspectui
944 924 1063 979 prasen-

271 1007 358 1063 taret,
373 1012 451 1053 suam
474 1012 556 1067 super
572 997 703 1066 obiectis,
720 1000 741 1053 si
760 1008 863 1067 posset,
879 1000 1063 1055 innocentiani

262 1078 439 1149 delatuturus.
475 1089 534 1156 Quo
562 1089 669 1144 demum
698 1090 820 1158 pluribus
855 1090 906 1144 sibi
941 1091 1064 1147 terminis

1114 542 1209 597 eadem
1235 542 1268 595 ad
1298 551 1381 598 testes
1407 542 1516 597 iuterim
1541 543 1731 613 producendos
1755 547 1828 603 diem
1853 550 1906 607 sibi

1115 642 1220 705 peteret
1240 634 1394 703 assignari,
1414 636 1502 688 dictus
1522 633 1552 694 Β,
1570 650 1696 691 assereus
1712 629 1837 695 eamdem
1858 656 1908 697 att-

1115 723 1215 779 dirisse
1239 724 1310 777 dieta
1341 724 1450 778 testium
1482 726 1673 792 productorum
1705 728 1741 783 ab
1765 729 1842 799 ipso,
1874 746 1907 789 ac

1114 822 1227 884 propter
1239 816 1289 868 ime
1301 830 1354 869 uon
1372 817 1472 870 debere
1487 830 1594 871 rursum
1608 818 1642 872 ad
1665 820 1776 874 testium
1805 825 1908 893 produ·
1960 830 1965 838 '

1114 905 1233 958 ctionem
1252 904 1374 967 admitti,
1387 905 1479 959 sedem
1495 907 1672 975 apostolicam
1687 909 1848 980 appellavit,
1860 928 1908 971 oc-

1116 1001 1192 1048 tavas
1216 994 1301 1048 saueti
1327 994 1435 1049 llartiui
1456 996 1582 1065 proritare
1604 1008 1734 1056 venturas
1760 1005 1906 1061 terminum

1115 1099 1170 1139 suae
1190 1086 1360 1155 appellationi
1380 1086 1549 1156 prefigens:
1586 1103 1666 1159 qttetu
1690 1093 1836 1149 terruimun
1864 1112 1909 1153 ar·

271 1182 418 1258 assignatis
431 1182 458 1236 in
474 1190 520 1235 tua
535 1195 693 1251 cutnparere
710 1183 852 1253 praeseutia
869 1196 922 1237 uun
939 1193 1063 1248 curante,
1113 1185 1192 1230 ctaus
1206 1176 1240 1231 ad
1252 1173 1350 1230 iestnm
1364 1177 1539 1235 Ascensiouis
1554 1181 1679 1250 proxituo
1693 1191 1760 1237 tuuc
1774 1182 1906 1255 suturam,

270 1274 300 1328 in
312 1288 373 1329 eum
386 1272 563 1343 depositionis
574 1273 733 1327 senteutiam
745 1272 934 1343 promulgasti,
946 1271 1064 1341 capitulo
1113 1266 1192 1321 nobis
1207 1266 1348 1321 bumiliter
1362 1268 1524 1337 ·⁸¹¹l)l)¹i<²³⁸li
1539 1277 1569 1324 nt
1584 1286 1696 1327 0³⁰⁸²¹¹¹
1713 1276 1839 1330 6311111οΒ
1852 1279 1907 1333 ⁰¹¹0

267 1366 415 1422 Viceutiuo
435 1363 517 1419 alium
538 1364 652 1435 eligendi
672 1366 784 1421 liberam
809 1366 928 1420 tribuens
949 1366 1064 1419 laculta·
1114 1355 1263 1411 lelfflissm
1275 1356 1563 1427 dlbiildld'ffiffiflll'l·
1577 1359 1633 1417 ΝΜ
1646 1361 1729 1433 igitur
1740 1365 1774 1420 5³⁸
1790 1376 1845 1422 “lm
1857 1384 1906 1438 W

272 1456 494 1523 ,em··0uan„5s
520 1456 603 1525 igilur
627 1457 659 1511 ad
697 1456 724 1511 jd
753 1458 806 1512 pn,
833 1465 926 1511 „ostro
952 1457 1062 1527 special}
1114 1444 1219 1501 litteras
1249 1455 1310 1502 tuas
1336 1464 1417 1518 aptam
1446 1464 1494 1518 per
1505 1452 1666 1509 relationem
1690 1454 1781 1511 dilecti
1805 1458 1904 1517 ibid.

271 1548 401 1605 mandato
428 1546 576 1617 propellere
604 1562 656 1602 uon
683 1546 827 1613 debueris,
858 1560 920 1601 cum
950 1546 1002 1601 itoc
1027 1549 1064 1604 sit
1114 1538 1274 1593 ⁸¹¹bliil⁰⁰¹¹i
1289 1548 1317 1593 θῑ
1328 1540 1460 1610 capellani
1476 1545 1676 1615 ⁰⁰⁸¹fiall¹¹⁰ffl
1691 1547 1778 1604 flidlffl
1795 1550 1825 1604 Β·
1838 1568 1905 1609 c⁰¹¹·

270 1652 354 1692 unnm
371 1650 402 1691 ex
414 1635 469 1691 illis
489 1636 560 1705 qtrod
570 1636 620 1691 sibi
637 1636 716 1691 sedes
734 1638 884 1707 apostolica
909 1638 1064 1711 specialiter
1113 1630 1245 1684 cessimus
1274 1631 1444 1699 auditorem,
1472 1634 1579 1703 plenius
1607 1638 1767 1708 intellectis,
1792 1644 1905 1700 easdem

263 1724 442 1795 reservavit,
458 1728 520 1798 quia
537 1738 627 1784 tauten
640 1739 703 1783 uota
723 1738 765 1785 est
783 1730 978 1798 ejnsenarmts
995 1731 1063 1787 utta.
1113 1718 1219 1774 litteras
1234 1730 1293 1775 tatas
1304 1724 1357 1777 sub
1369 1724 1441 1777 bulla
1456 1731 1550 1780 austra
1566 1726 1614 1782 tibi
1631 1729 1800 1786 remittentes
1812 1732 1905 1787 iuclu-

269 1822 387 1891 pidatio,
413 1830 441 1876 et
458 1818 588 1875 deiormls
608 1818 800 1876 iusttilleieutia
825 1840 877 1879 uon
903 1826 1012 1896 ignota,
1036 1832 1064 1878 et
1079 1805 1100 1860 Β
1114 1825 1170 1876 ⁸³⁵·
1186 1812 1356 1869 fraternitati
1375 1824 1427 1870 ¹¹¹ae
1446 1830 1495 1885 per
1507 1818 1654 1887 ill⁰³¹⁰¹i⁰²
1676 1822 1778 1891 millii
1794 1826 1907 1879 mildi·

271 1922 416 1983 auteqttum
443 1922 502 1968 tuas
531 1912 636 1968 litteras
664 1917 873 1985 acceperimus,
906 1933 955 1972 uns
979 1933 1062 1988 super

272 2003 358 2074 ipsius
378 2003 546 2073 depositione
576 2012 684 2059 nostras
708 2003 862 2061 leceramus
883 2006 988 2061 litteras
1005 2007 1061 2077 jam

264 2078 378 2173 fuotarl,
390 2094 554 2151 irateruitatl
577 2103 629 2150 tute
648 2110 696 2165 per
710 2097 857 2165 apostolica
872 2098 971 2168 scripta
987 2114 1063 2151 uran-

264 2180 369 2242 'alamus
389 2195 525 2256 quatenus
551 2186 675 2239 cumdem
705 2184 790 2241 iacias
813 2188 847 2242 ab
869 2188 996 2242 Ecclesiae
1017 2186 1062 2241 ili-

263 2254 389 2333 'ceutinae
415 2278 548 2347 regimine
577 2286 709 2347 perpetuo
739 2292 880 2333 seruauere
907 2290 1059 2344 remmam,

261 2356 384 2421 'turonens
399 2365 469 2420 idem
493 2364 642 2433 capitulum
662 2364 804 2436 diligenter
826 2376 855 2420 ut
876 2366 901 2419 in
929 2366 1002 2421 trullo
1027 2368 1061 2422 de

261 2460 369 2511 'caetcro
394 2456 482 2511 eidem
516 2454 680 2519 intrudens,
708 2470 851 2523 personam
880 2456 1004 2510 idoneam
1032 2466 1062 2511 et

263 2533 542 2602 'Ecclesiae'llumauae
565 2544 689 2597 tlerotaut
706 2544 756 2599 sibi
770 2560 819 2616 per
839 2546 997 2601 electloueut
1014 2561 1060 2602 ea·

262 2622 394 2702 Jnnnteaan
425 2634 495 2688 inira
528 2648 647 2687 mcttsem
678 2636 827 2704 prmlieiaut
853 2639 879 2691 iu
911 2647 1058 2708 pastorem.

261 2709 394 2795 *alioquin
412 2734 440 2778 tu
461 2724 487 2777 id
506 2724 667 2780 auctoritate
684 2736 774 2780 nostra
794 2727 900 2782 sublato
915 2728 1059 2799 cttjuslibet

262 2796 488 2874 *recuratis-tionis
512 2824 539 2871 el
561 2816 748 2887 appellationis
762 2818 903 2873 obstaculo
927 2835 1058 2890 exsequa-

262 2886 512 2974 iris,ttiltilominus
540 2906 640 2962 dictum
661 2908 817 2978 episcopum
841 2924 890 2979 per
912 2924 1057 2966 censuram

261 2972 483 3087 {ecelesiasticam
507 2999 706 3054 districtissime
731 3014 830 3070 eugeus
860 3009 889 3055 ut
915 3002 1057 3071 pectmiam

262 3092 347 3170 *quam
362 3094 395 3148 de
421 3092 545 3148 alienatis
561 3090 688 3147 Ecclesia·
703 3093 920 3161 possessionibus
942 3109 1057 3165 conpre-

261 3183 340 3270 [proiit
363 3185 489 3240 relumlat
508 3185 534 3238 iu
555 3182 674 3252 ejusdem
695 3183 823 3240 Ecclesiae
845 3171 935 3241 debita
954 3184 1057 3256 persol-

261 3295 280 3322 ι·
300 3279 362 3333 talla.

264 3292 398 3426 weilatum
411 3367 520 3440 Signia,
532 3367 686 3436 Nom'lulii,
699 3368 872 3439 pontificatus
883 3367 966 3426 nostri
983 3383 1057 3426 anuo

239 3537 245 3545 Ι
262 3461 370 3517 trecium
385 3461 491 3532 quinto.

298 3549 383 3626 Super
396 3553 444 3608 itoe
461 3554 638 3625 scriptumest
655 3553 768 3624 capitatia
783 3551 928 3608 l'icetttina.

621 3645 700 3703 ext.

489 3746 622 3794 'sermono
637 3753 819 3794 tuutsteeust.

315 3827 424 3902 Delepot
439 3842 547 3884 corisum
560 3831 721 3884 ntatrimottii
734 3831 853 3885 mulieris
877 3831 997 3901 bipatente.

493 3918 615 3987 (Signiae,
629 3931 648 3973 tt
664 3917 821 3989 ilminat.)

299 4011 338 4065 Es
355 4018 460 4065 tttarum
479 4008 670 4078 perpendimus
686 4009 757 4064 serie
779 4010 930 4065 litterarum
950 4011 981 4066 Β.
994 4025 1053 4066 mtt-

1114 1917 1175 1956 utus
1185 1914 1330 1971 quatenus,
1340 1904 1362 1960 si
1373 1905 1408 1962 de
1416 1908 1467 1963 ltoc
1479 1908 1663 1978 principaliter
1672 1926 1765 1966 coram
1777 1921 1804 1969 te
1814 1925 1905 1973 actutu

1112 1990 1212 2060 luerit,
1229 1996 1302 2065 quod
1321 1996 1447 2053 videlicet
1459 2014 1530 2068 saepe
1542 2003 1700 2058 trontinatas
1713 2002 1744 2057 Β.
1767 2020 1905 2063 memora·

1114 2093 1169 2139 tam
1180 2084 1211 2139 F.
1230 2087 1352 2143 maritali
1365 2103 1419 2143 non
1436 2093 1550 2145 curabat
1564 2091 1708 2149 adecttnne
1723 2104 1859 2165 tractare,
1876 2107 1906 2153 ct

1113 2190 1177 2231 vera
1191 2186 1254 2232 suut
1268 2193 1328 2248 qttae
1342 2178 1369 2233 iu
1390 2182 1509 2250 praetatis
1523 2184 1578 2239 luis
1596 2184 1694 2241 litteris
1717 2190 1903 2256 continentur,

1112 2264 1226 2320 dietum.
1241 2266 1271 2320 Β.
1287 2268 1323 2323 ab
1338 2269 1507 2339 impetitione
1521 2273 1659 2343 praedicte
1673 2277 1798 2334 mulieris
1812 2281 1903 2336 absol·

1112 2369 1168 2409 vas.
1190 2355 1259 2421 Qrtia
1277 2358 1334 2413 sive
1356 2360 1414 2429 ipsa
1434 2360 1531 2415 mulier
1550 2364 1654 2433 prituus
1677 2379 1742 2420 cum
1761 2369 1902 2437 stephano

1111 2461 1192 2516 quatu
1205 2462 1266 2503 curu
1281 2449 1312 2503 Β.
1333 2451 1480 2522 saepedicto
1494 2457 1649 2520 contraxit,
1664 2460 1783 2528 primatu
1800 2462 1901 2518 iactum

1110 2537 1191 2594 debet
1207 2539 1385 2610 praeiudicare
1399 2546 1534 2611 seettrrdu;
1548 2548 1606 2603 sive
1618 2558 1725 2605 constet
1738 2566 1799 2607 eam
1814 2554 1902 2625 primo

1110 2644 1171 2684 cum
1183 2631 1212 2685 Β.
1228 2636 1399 2702 postmodum
1414 2648 1476 2691 cum
1499 2636 1640 2707 S÷epbauo
1652 2644 1842 2710 cotitrattisse,
1861 2646 1903 2700 ui-

1110 2722 1257 2780 lriluminns
1272 2728 1330 2796 ejus
1350 2728 1475 2797 petitioni
1491 2730 1582 2787 obviat
1602 2736 1766 2791 adulterium
1791 2740 1825 2794 de
1846 2754 1902 2809 quo

1109 2823 1151 2865 est
1168 2816 1311 2871 tttanileste
1326 2816 1463 2873 cotalessa.
1480 2820 1509 2875 si
1526 2837 1589 2877 vero
1603 2825 1638 2879 de
1651 2826 1701 2881 boe
1714 2829 1904 2899 principaliter

1111 2901 1161 2958 luit
1195 2916 1302 2971 actum,
1336 2916 1425 2964 utrum
1456 2913 1563 2968 scilicet
1590 2915 1660 2971 iuter
1683 2919 1783 2973 dictum
1810 2921 1843 2978 tt.
1869 2937 1904 2980 ac

1108 2994 1249 3051 mulierem
1263 2997 1403 3066 praelatam
1417 3001 1567 3069 legitimam
1582 3004 1902 3079 lueritmatriutouiutu,

1108 3102 1170 3141 curat
1192 3104 1273 3159 super
1299 3092 1351 3146 ltoc
1371 3106 1453 3146 eausa
1482 3110 1537 3149 nou
1559 3096 1641 3152 luerit
1663 3099 1831 3157 sulicicttter
1861 3082 1905 3158 inss

1108 3188 1222 3244 structa,
1238 3196 1297 3235 cam
1311 3183 1417 3253 plenius
1428 3186 1538 3252 attolas,
1554 3198 1583 3243 et
1598 3190 1650 3245 ltus
1661 3194 1794 3248 aaronica
1808 3195 1902 3266 appel-

1107 3268 1207 3325 latione
1218 3280 1320 3326 remota
1335 3274 1465 3342 decidas,
1484 3277 1587 3335 iaciens
1600 3284 1672 3352 quod
1685 3281 1841 3342 decreveris
1851 3303 1901 3358 per

1100 3374 1250 3416 censuram
1266 3363 1477 3423 ecelesiasticam
1493 3369 1610 3427 llrndter
1624 3373 1773 3432 obscrrari.

1142 3449 1238 3504 batum
1264 3453 1364 3523 Signiae
1390 3471 1410 3511 rt
1433 3457 1495 3516 ldus
1526 3458 1601 3528 Julii,
1626 3465 1898 3534 pontidcatusnoatri

1104 3559 1178 3602 auno
1193 3547 1417 3618 decimoquinto.

1371 3679 1376 3687 .
1451 3629 1546 3704 'exat

1104 3742 1286 3789 ttoavrtttcsttst
1299 3747 1326 3788 ιιι
1339 3749 1461 3790 utaeamt
1484 3752 1669 3806 conuentum,
1683 3754 1897 3800 caesareorum

1310 3839 1345 3881 sa
1359 3841 1539 3884 cateruaensr
1555 3845 1694 3886 carseoms.

1210 3915 1343 3972 Aduersus
1359 3919 1506 3988 episcopam
1525 3920 1780 3989 waterfordensem.

1335 4007 1457 4081 (Signiae,
1473 4027 1497 4066 vt
1509 4011 1569 4067 lial.
1580 4012 1667 4078 tulit.)

165 4135 171 4148 ·
261 4089 358 4159 'lieren
381 4100 589 4158 aurasicensem
618 4115 710 4155 coram
732 4109 757 4156 te
775 4101 858 4158 luisse
877 4111 1053 4172 coitquestam
1119 4092 1403 4166 ‘Cssmcattsatttqute
1423 4096 1691 4159 intervenerabilem
1717 4105 1829 4162 tratrem
1846 4124 1896 4166 uo·

263 4195 345 4270 quod,
357 4191 445 4250 cumB
468 4192 585 4248 Gariuus
595 4193 779 4261 parochianus
791 4203 853 4248 tuus
863 4209 921 4248 eam
932 4193 1055 4248 duxisset
1103 4193 1191 4241 atrurn
1205 4184 1410 4243 Lestttoreusem
1427 4203 1452 4247 et
1474 4192 1604 4250 Davidem
1628 4200 1765 4267 pttoudam
1786 4198 1898 4255 Water·

263 4287 384 4356 legitiute
402 4286 429 4340 iu
444 4300 572 4349 uxorem,
592 4284 714 4338 cantdem
728 4299 780 4338 uon
801 4285 916 4339 curabat
935 4282 1052 4338 maritali
1103 4279 1257 4337 londensem
1269 4283 1413 4352 episcopos
1435 4284 1594 4340 vertebatur
1612 4288 1811 4346 venerabilibus
1840 4289 1897 4344 lra-

262 4375 404 4434 allectioue
418 4386 553 4442 tractare;
568 4389 684 4446 eumque
692 4384 783 4445 partes
796 4377 830 4432 ad
844 4383 917 4431 tuam
933 4390 1052 4446 praesen·
1104 4375 1191 4430 tribus
1205 4374 1352 4431 Laouieusi
1364 4385 1392 4432 et
1404 4376 1580 4448 corcagiensi
1604 4382 1739 4452 episeopis
1749 4392 1779 4435 et
1792 4383 1896 4439 tliiccto

259 4465 327 4525 'tiam
342 4484 536 4535 eottsocasses,
559 4470 631 4524 dicta
652 4469 750 4524 ruulier
761 4470 914 4540 juramento
933 4467 1052 4524 ltrruarit
1067 4489 1090 4544 ῃ
1105 4468 1158 4522 lilio
1172 4469 1362 4524 arclaidiaeuuo
1376 4470 1541 4527 cassellensi
1554 4474 1604 4528 sub
1617 4484 1691 4528 tarta
1701 4474 1793 4530 'lornta
1808 4477 1897 4532 dure·

260 4564 333 4636 qnod
353 4563 422 4620 idem
436 4563 466 4618 Β.
482 4577 540 4639 ,ρει
562 4562 644 4618 verba
673 4563 705 4616 de
727 4561 852 4632 praesenti
878 4569 1051 4616 cottuaaarat

260 4670 323 4716 eum
358 4657 472 4720 eadent,
500 4653 613 4709 testibus
640 4653 814 4710 nibilominus
841 4653 874 4707 ad
904 4653 955 4709 ltoc
985 4666 1050 4722 pro·

258 4745 381 4810 bandum
407 4747 561 4816 productis,
584 4761 699 4819 quorum
736 4747 916 4818 depositiones
947 4749 1048 4805 eisdent

258 4839 364 4892 altttristi
379 4837 479 4895 litteris
499 4836 666 4893 inserendas.
680 4837 796 4893 licortba
812 4851 878 4893 vero
900 4835 930 4891 Β.
947 4852 1049 4893 memo·

256 4925 447 4994 natatajmaait
468 4940 498 4981 se
513 4940 650 4995 uuumtam
667 4927 837 4982 contraxisse
853 4941 914 4982 carta
934 4927 1048 4983 ttruliere

258 5017 313 5088 lant
329 5018 416 5084 dicta,
434 5033 485 5073 nec
495 5018 620 5073 eamdem
633 5018 734 5074 annulo
746 5019 934 5082 subarrltasse,
950 5019 1048 5088 produ·

259 5125 325 5166 eant
347 5109 521 5165 nibilominus
543 5117 627 5166 testes
651 5100 683 5165 a'td
703 5109 920 5180 reprobationem
936 5108 1045 5163 testium

1102 4560 1187 4614 cintus
1198 4561 1433 4627 comtuitteutlam,
1450 4563 1500 4631 ipsi
1514 4565 1672 4619 mandatum
1688 4577 1823 4634 nostrum,
1834 4577 1895 4624 tan·

1101 4665 1182 4719 quam
1204 4651 1367 4706 obedientiae
1386 4651 1444 4717 blii,
1467 4652 1621 4722 diligentem
1643 4658 1714 4713 sicut
1741 4672 1776 4714 ea
1795 4659 1895 4718 litteris

1100 4754 1193 4793 eorum
1208 4742 1374 4810 accepimus,
1386 4743 1496 4811 exsequi
1508 4745 1658 4813 cupientes,
1674 4747 1708 4799 ad
1733 4748 1893 4806 instantiam

1100 4827 1185 4897 ipsius
1198 4829 1386 4886 lesmorensis
1403 4832 1523 4902 episcopi
1538 4836 1664 4889 eumdem
1686 4834 1893 4894 Waterlordeu·

1102 4923 1329 4993 semepiscopum
1361 4924 1514 4980 citaverunt
1539 4935 1569 4980 ut
1588 4925 1667 4994 juxta
1690 4929 1811 4984 mandati
1826 4946 1894 5000 apo·

1098 5015 1186 5069 stolici
1202 5014 1317 5070 sormam
1335 5015 1440 5085 injure
1456 5018 1528 5072 dicto
1549 5019 1677 5090 episcopo
1702 5021 1888 5090 responderet.

1098 5105 1195 5162 Sedeo
1209 5109 1381 5177 postmodum
1395 5109 1423 5165 in
1434 5123 1528 5165 eorum
1544 5112 1688 5180 presentia
1703 5121 1889 5184 comparente,

258 5203 449 5273 productorum
464 5202 579 5273 abipsa,
594 5201 665 5258 dieta
679 5215 793 5270 qttorum
809 5201 911 5256 eisdem
925 5198 1047 5253 inserere
1093 5199 1168 5255 idem
1179 5197 1556 5270 illateriordenslsprelatuut
1567 5200 1883 5274 Lesutorenseuteplseo

258 5293 358 5352 litteris
388 5292 549 5363 procurasti.
573 5291 716 5363 Proposuit
740 5291 821 5348 etiam
845 5289 877 5345 Β.
901 5289 1047 5360 pradictus
1097 5305 1160 5360 pum
1177 5293 1213 5347 ob
1228 5293 1359 5362 quasdam
1376 5292 1545 5348 adulterinas
1555 5293 1662 5348 litteras
1680 5294 1790 5350 nontine
1810 5295 1889 5350 bone

257 5385 329 5454 quod
351 5385 444 5442 eadem
466 5384 565 5440 mulier
579 5385 685 5441 cuidam
700 5383 860 5454 Stbepltano
877 5383 904 5436 iu
916 5381 1046 5436 Ecclesiae
1096 5381 1235 5437 memoriae
1248 5380 1362 5438 loauuis
1383 5381 1454 5438 tituli
1478 5380 1574 5438 Sancti
1600 5381 1735 5450 Stephani
1754 5385 1781 5438 iu
1801 5382 1888 5440 cetto

256 5476 329 5540 iacis
341 5476 430 5532 luerat
441 5475 823 5547 matrimonialitercopulata,
837 5474 883 5544 qui
898 5472 1046 5530 carnaliter
1096 5478 1188 5527 monte
1209 5473 1363 5545 presbyteri
1383 5471 1543 5539 cardinalis,
1569 5480 1635 5529 tunc
1654 5473 1822 5543 inpartibus
1839 5473 1887 5529 lli·

257 5565 380 5620 mandent
403 5573 579 5636 cognoverat,
600 5573 627 5622 et
641 5579 701 5620 eam
721 5563 830 5618 tenebat
849 5563 874 5616 iu
888 5561 968 5617 domo
982 5573 1045 5630 pro·
1093 5562 1198 5620 bernice
1214 5563 1370 5634 apostdtcae
1380 5565 1546 5635 sedialepati
1558 5564 1710 5633 coniectas,
1724 5581 1795 5636 qaas
1814 5567 1886 5622 ideas

256 5656 357 5726 palatui
374 5673 501 5725 uxorem,
515 5661 585 5730 quod
604 5659 632 5714 in
650 5660 712 5731 jure
727 5657 850 5714 coulessa
873 5657 924 5712 luit
947 5657 1044 5711 mulier
1094 5652 1283 5712 lesmorensis
1309 5669 1359 5725 per
1376 5655 1548 5712 collationem
1579 5655 1694 5727 aliarum
1733 5657 1885 5712 litterarum

256 5758 329 5820 steps
350 5749 439 5821 dicta,
457 5761 582 5809 asserent
598 5759 688 5810 tantm
704 5763 733 5810 se
752 5763 822 5806 cum.
843 5748 873 5804 ll.
898 5745 1042 5818 sepedicto
1093 5745 1180 5819 ipsius
1190 5748 1339 5806 cardinalis
1356 5747 1496 5806 veracium
1511 5761 1606 5806 coram
1627 5745 1731 5807 eisdem
1745 5747 1885 5818 ladabar
