4109 6325
268 340 318 421 ari
703 310 1026 403 ‘rnumsnrunira
1047 306 1367 385 ubossrouuuno.
1387 300 1459 373 arla.
1847 290 1903 363 aaa

271 473 486 536 communicatos
514 465 540 521 in
567 458 710 518 eeclesiam
745 452 901 518 intromitti,
916 448 1060 507 tleluncto-
1074 450 1098 508 Α
1112 438 1343 514 eiteproridendo
1363 444 1394 491 ιιι
1416 436 1581 503 praeceptum
1607 424 1786 497 apostolieum
1814 416 1915 478 taliter

272 586 331 626 rom
349 566 375 623 in
391 557 535 620 interdicto
546 556 661 622 corpora
673 548 793 621 sepeliri,
805 554 833 601 et
850 542 977 600 eumdem
1003 538 1062 609 epi·
1113 533 1249 605 impleatis
1262 528 1334 601 quod
1348 528 1433 583 beum
1445 518 1592 577 rideamini
1607 516 1796 587 potiusquam
1813 515 1905 569 boroi-

269 672 384 731 scopum
398 666 429 710 ac
442 650 575 706 decaottm
589 644 711 713 aliosque
727 635 912 695 tribulationis
923 646 979 689 suae
993 644 1061 686 con·
1112 640 1174 681 nem
1197 620 1334 687 reuereri3
1359 632 1404 683 ue,
1421 615 1445 671 si
1464 613 1545 668 aliter
1558 608 1689 681 ageretis,
1709 604 1905 677 negligentium

271 746 399 812 sociosin
423 738 569 816 episcopali
597 734 678 791 dumo
692 731 813 803 quinque
828 742 898 800 pene
921 723 1062 781 mensibus
1111 728 1231 776 vestram
1246 724 1307 772 eum
1323 708 1499 771 exactissima
1523 718 1605 777 qroena
1621 700 1765 773 requirere
1793 713 1908 771 eogere-

272 860 321 917 per
339 832 488 912 portarium
502 846 579 889 suram
591 838 618 885 et
632 826 780 898 burgenses
802 818 1010 890 Portngaleuses
1022 815 1062 873 sic
1113 826 1185 868 mur.
1206 805 1339 863 Volumus
1353 802 1466 871 iusuper
1479 807 1507 852 et
1520 793 1694 867 praecipimus
1704 798 1735 846 ut
1750 790 1824 845 eirea
1842 803 1905 845 urn-

274 934 405 993 atrociter
417 924 536 986 obsideri
556 933 649 979 utnon
664 918 753 977 sulum
776 913 931 971 laenitatem
945 907 1062 967 exetrudi
1113 904 1234 973 niaque
1253 898 1394 972 praemissa
1423 900 1499 958 sunt,
1523 900 1580 945 tarn
1604 901 1689 957 snper
1711 884 1906 956 principalibus

260 1031 308 1087 'de
322 1028 391 1098 ipsa,
407 1018 597 1079 verumetiam
608 1009 819 1086 superveniente
849 1003 1007 1061 irrdrtuitate
1028 998 1064 1055 ad
1114 1006 1293 1067 quamsuper
1316 986 1514 1049 incidentibus,
1539 978 1723 1053 appellatione
1751 978 1905 1047 postposita
1959 993 1961 1000 ·

274 1117 458 1179 condiendum
489 1121 518 1168 et
548 1107 718 1166 adoraudum
744 1098 897 1159 sacerdotis
918 1105 946 1151 et
973 1090 1064 1149 crucis

273 1212 380 1284 copiam
396 1204 550 1277 nequiverit
569 1200 705 1258 obtinere.

515 1295 533 1307 ''
861 1280 895 1337 lis
915 1279 1064 1337 circumse-

276 1394 437 1468 plns,iuter
463 1390 521 1445 baec
554 1384 645 1442 omnia
669 1376 809 1438 canonicis
833 1382 861 1429 et
890 1364 1066 1444 portionariis
1116 1366 1196 1422 cimo.

277 1482 480 1559 Portugalensis
498 1477 620 1537 eeclesiae
634 1480 696 1547 post
710 1468 883 1527 interdictum
900 1465 927 1520 in
947 1458 1066 1535 appella·

271 1582 360 1639 ticinis
378 1585 478 1634 nostrae
492 1576 676 1639 contemptum
691 1564 725 1619 ad
740 1560 879 1618 cumulum
895 1554 999 1613 doloris
1024 1552 1067 1608 sui

276 1674 371 1732 diviua
395 1665 554 1727 solemniter
595 1656 813 1719 celebrantibus,
839 1647 997 1721 compulsus
1027 1653 1069 1701 est

273 1761 382 1821 nuntiis
396 1757 468 1829 rogis
480 1755 572 1811 dicere
587 1748 660 1822 quod
671 1764 701 1804 sc
717 1745 791 1802 illius
812 1748 961 1813 exponeret
972 1736 1069 1793 ruluu·

281 1856 340 1912 tati.
356 1852 406 1921 Qui
419 1851 459 1907 sle
469 1848 577 1905 demum
592 1840 742 1899 acustodia
758 1820 900 1901 liberatus,
911 1829 1071 1902 intelligens

279 1946 352 2019 quod
366 1956 485 2001 rexeum
512 1937 545 1993 ad
573 1931 799 2003 compositionem
832 1926 953 1996 iniquam
972 1932 1001 1978 et
1021 1936 1071 1992 ap·

278 2036 456 2109 pollutionum
472 2025 705 2084 renuntiationem
731 2018 885 2077 intenderet
915 2021 1071 2077 coarctare,

282 2134 425 2185 rroeturnae
444 2120 514 2193 lugae
528 2114 665 2189 praesidio,
683 2126 844 2171 recursurus
859 2110 893 2164 ad
918 2122 979 2172 nos,
995 2104 1071 2176 regui

280 2222 333 2279 sibi
358 2214 506 2289 praeclusos
523 2210 612 2266 exitus
631 2206 676 2262 rix
699 2206 796 2261 erasit.
820 2200 953 2257 Praelatus
983 2205 1072 2252 autem

282 2310 418 2383 portarius
434 2306 504 2363 bona
516 2298 833 2373 episcopatusinradens
853 2304 882 2357 et
906 2294 932 2347 in
957 2304 1021 2346 snos
1041 2303 1075 2342 ae

285 2404 448 2475 regiosusus
468 2389 785 2468 expendens,bominem
798 2400 880 2457 quem
904 2384 993 2438 dietus
1015 2379 1075 2449 epi·

284 2506 385 2566 scupus
399 2490 433 2546 ad
449 2484 607 2544 successario
628 2480 680 2536 sibi
708 2476 853 2533 deserenda
885 2470 1076 2527 tranrsmiserat

275 2582 449 2642 carcerarii.
464 2578 531 2635 Gurn
548 2571 702 2641 igiturtnec
713 2577 741 2623 et
755 2567 807 2622 alia
825 2580 885 2636 quae
904 2574 997 2619 eorrtra
1023 2576 1076 2619 sae·

282 2693 319 2749 pe
337 2677 425 2732 latram
450 2671 606 2743 episcopum
623 2672 652 2721 et
670 2661 827 2726 eeclesiam,
842 2660 896 2713 ltuo
919 2657 1013 2725 beorn,
1026 2670 1076 2727 per

286 2770 411 2827 eumdem
432 2777 522 2835 regem
548 2756 698 2816 enormiter
727 2760 861 2809 attentata
883 2750 1022 2815 dicuutur,
1041 2760 1076 2801 ex

285 2853 501 2930 injunctouobis
516 2846 683 2923 apostulatus
711 2840 800 2901 ollielo
823 2840 961 2909 corrigere
986 2846 1077 2893 tenea·

288 2963 360 3015 intur,
375 2941 535 3002 discretioni
553 2948 708 3008 restraeper
723 2932 870 3005 apostolica
882 2931 983 2999 scripta
999 2943 1078 2983 tuan-

287 3040 383 3095 «lamus
393 3044 421 3094 et
433 3033 558 3091 districte
568 3028 743 3102 praecipimus
773 3032 908 3095 qnatenus
935 3022 1025 3092 ipsum
1043 3019 1078 3077 ad

290 3128 489 3189 restitutionem
508 3124 657 3183 ablatorum
675 3128 703 3178 et
720 3116 935 3176 satisfactionem
964 3114 1113 3187 iniuria-c

289 3241 348 3280 rum
364 3239 445 3295 super
459 3221 503 3278 his
516 3228 542 3275 et
554 3219 614 3273 aliis
630 3227 684 3272 tatu
697 3213 816 3270 debitam
828 3225 910 3282 qnam
926 3208 1078 3281 plenariam

288 3319 424 3390 episcopo,
441 3313 544 3371 decano
562 3320 590 3369 et
608 3309 669 3366 aliis
680 3307 738 3378 ejus
751 3305 832 3363 sociis
857 3303 1078 3375 impendendam,

288 3407 487 3464 uecnonetiolu
506 3403 703 3462 observandam
730 3397 954 3469 compositionem
980 3393 1081 3464 praedl·

288 3511 360 3558 emm
373 3513 484 3555 ttrortere
500 3499 649 3569 prudenter
664 3487 854 3556 eteblcaeiter
870 3489 1000 3548 iuducere
1014 3500 1079 3557 pro·

289 3591 401 3650 curetis.
418 3587 470 3661 Qui
484 3595 506 3648 si
523 3589 616 3647 lorsan
632 3587 702 3645 inira
720 3599 827 3660 tempus
844 3587 916 3657 quod
930 3585 956 3640 ei
970 3579 1082 3638 duxeri-

290 3686 324 3742 tis
336 3683 529 3756 praeligeudutu
547 3683 574 3739 id
591 3697 644 3738 non
658 3679 796 3737 curaverit
808 3676 969 3748 adimplere,
980 3683 1082 3729 erttruc

249 3844 252 3850 ,
289 3763 543 3854 eidcmlngressum
562 3781 732 3839 ecclesiaeac
756 3779 886 3834 universa
911 3773 1082 3832 interdicatis

289 3872 476 3930 ecclesiastica
502 3880 688 3936 sacramenta,
713 3870 891 3941 prohibentes
912 3865 937 3922 in
958 3865 1025 3921 locis
1047 3862 1082 3918 ad

290 3966 417 4036 quaeipse
428 3963 581 4030 devenerit,
603 3975 635 4020 co
651 3972 786 4034 presente
804 3961 896 4017 diuina
908 3957 995 4015 ollieia
1010 3957 1084 4014 cele·

277 4059 375 4116 'brari
396 4057 461 4114 Etsi
478 4071 528 4112 uec
547 4055 589 4112 sie
622 4055 722 4113 duritia
748 4067 798 4111 sua
823 4053 926 4124 poterit
952 4050 1082 4118 emolliri,

282 4167 340 4222 ¹per
359 4149 465 4207 litteras
481 4159 586 4206 vestras
602 4150 654 4205 ltue
678 4150 756 4206 uubis
777 4149 905 4204 iutimare
920 4147 1039 4211 curetis;
1055 4153 1084 4200 ut

280 4245 314 4302 ‘si
336 4245 470 4314 morbum,
497 4245 569 4316 quod
593 4244 681 4301 absit!
711 4240 857 4314 contigerit
877 4239 1023 4312 aggravari
1050 4239 1084 4295 ad

291 4337 459 4393 curationem
471 4336 555 4408 ipsius
569 4335 688 4408 graviori
702 4334 847 4402 medicina,
856 4332 1084 4405 quemadmodum

292 4419 455 4509 expedierit,
471 4435 641 4492 insistamus.
657 4433 764 4490 bictum
780 4443 873 4491 autem
886 4433 1042 4505 portarium
1057 4439 1086 4488 et

1112 1084 1278 1158 procedatis.
1293 1081 1370 1149 erod
1386 1078 1409 1135 si
1434 1092 1487 1133 non
1514 1087 1620 1129 omnes.
1635 1114 1642 1127 .
1659 1114 1665 1126 .
1681 1080 1720 1133 tu,
1742 1067 1828 1123 irater
1851 1069 1909 1138 epi·

730 1195 817 1251 donce
830 1188 923 1269 multis
943 1182 1065 1242 debone-
1115 1192 1208 1247 scope,
1227 1190 1289 1232 carru
1303 1186 1398 1229 eorum
1410 1169 1509 1231 altero,
1525 1176 1579 1222 etc.

1152 1271 1248 1325 bnrrm
1267 1262 1409 1330 Laterani,
1429 1276 1460 1315 nr
1480 1259 1542 1314 ldus
1561 1256 1638 1322 llaii,
1664 1269 1736 1309 aratro
1760 1253 1840 1309 tertio
1862 1251 1911 1306 dc·

1453 1424 1573 1483 [ΚΝ.

1338 1532 1539 1579 marcesceret
1554 1529 1689 1572 reiecero.

1423 1610 1461 1665 lle
1474 1612 1565 1665 eadem
1579 1624 1616 1662 re.
1651 1642 1658 1656 .

1301 1703 1466 1778 (Laterani,
1493 1716 1523 1755 ιιι
1548 1700 1611 1755 ldus
1636 1699 1733 1769 llaii.)

1156 1802 1240 1858 iustis
1252 1800 1403 1873 petentium
1420 1794 1562 1853 desideriis
1579 1795 1692 1864 dignum
1708 1800 1750 1848 est
1782 1804 1833 1847 nos
1847 1790 1914 1847 rael·

1124 1896 1176 1951 lent
1192 1895 1316 1965 praebere
1326 1904 1480 1955 assensum,
1495 1897 1523 1944 et
1541 1894 1602 1942 rota
1628 1900 1690 1956 quae
1703 1900 1718 1939 a
1733 1884 1847 1941 rationis
1860 1892 1914 1939 tra·

1120 1985 1190 2041 utile
1207 2000 1260 2043 ooo
1276 1983 1436 2041 discordant
1451 1980 1547 2037 edecta
1565 1985 1748 2050 prosequente
1768 1976 1915 2045 complere.

1125 2073 1466 2147 Eapropter,renerabilis
1480 2070 1576 2136 irater,
1594 2068 1737 2139 toisjustis
1755 2066 1916 2137 postulatio-

1125 2169 1207 2224 nibus
1228 2181 1307 2239 grato
1319 2162 1522 2224 'concurrentes
1536 2176 1661 2228 assensu,
1688 2159 1917 2230 compositionem

1125 2259 1196 2315 inter
1207 2268 1235 2315 te
1248 2273 1282 2315 ae
1300 2259 1491 2316 amarissimum
1519 2255 1546 2311 ln
1560 2255 1670 2311 cbristo
1688 2252 1773 2308 illitam
1794 2259 1918 2307 nostrum

1126 2350 1259 2407 illustrem
1275 2364 1368 2422 regern
1381 2347 1601 2419 Porttrgalensem
1614 2360 1696 2415 super
1710 2343 1833 2399 articulis
1843 2356 1916 2398 cons

1126 2443 1269 2514 prebensis
1283 2443 1381 2512 inipso
1401 2439 1584 2496 mediantibus
1602 2433 1750 2492 venerabili
1765 2434 1852 2489 tratre
1873 2447 1920 2487 no·

1126 2548 1184 2593 stro
1196 2535 1356 2592 zamorensi
1371 2535 1499 2607 episcopo
1522 2540 1550 2587 et
1564 2530 1678 2601 collegis
1690 2528 1776 2599 ipsius
1790 2526 1923 2597 delegatis

1127 2638 1158 2684 ut
1172 2628 1250 2684 nobis
1273 2628 1384 2698 pronlou
1408 2626 1573 2682 celebratam
1599 2629 1628 2676 et
1649 2622 1684 2677 ab
1709 2629 1824 2690 utraque
1843 2627 1924 2688 parte

1127 2729 1224 2790 sponte
1238 2729 1387 2790 receptam,
1402 2718 1472 2773 sieut
1488 2718 1515 2771 in
1531 2716 1691 2771 authentico
1702 2712 1805 2782 scripto
1815 2708 1924 2779 plenius

1127 2814 1295 2880 continetur,
1315 2812 1482 2867 auctoritate
1510 2807 1658 2877 apostolica
1689 2802 1924 2859 coullrmamnset

1127 2901 1269 2973 presentis
1282 2902 1374 2972 scripti
1399 2898 1552 2971 patrocinio
1567 2894 1779 2957 corrrmnuimus,
1796 2890 1926 2959 errjrtste·
1997 2918 2004 2933 ·

1128 3002 1230 3051 norest
1243 2992 1303 3050 talis
1320 3010 1327 3049 e
1348 2991 1466 3047 Sarrcius
1490 2989 1537 3044 bei
1552 2988 1639 3061 gratia
1651 2984 1858 3056 portugalensis
1876 2998 1926 3037 rex

1129 3084 1449 3143 mandanaucensi
1469 3083 1598 3153 episeopo
1614 3090 1643 3136 el
1672 3066 1803 3146 insagistro
1816 3075 1848 3129 P.
1873 3075 1929 3129 Le·

1130 3183 1253 3255 gioneusi
1267 3193 1294 3236 et
1308 3181 1328 3235 l.
1345 3178 1504 3235 zamorensi
1531 3177 1641 3232 eleeanis
1654 3174 1769 3232 salutern
1796 3180 1824 3226 et
1838 3171 1929 3226 since-

1131 3289 1189 3330 ram
1210 3271 1431 3330 dileetiouem.ll
1461 3269 1691 3327 memoriarestra
1717 3281 1772 3321 uon
1787 3264 1928 3320 eredimus

1131 3365 1266 3424 excidisse
1279 3365 1351 3436 qnod
1363 3378 1446 3434 snper
1456 3364 1566 3434 negotio
1586 3359 1658 3432 quud
1673 3361 1746 3415 iuter
1761 3371 1806 3412 me
1821 3367 1849 3412 et
1859 3355 1930 3411 Por·

1132 3455 1300 3527 tugalensem
1311 3453 1465 3523 episcopum
1477 3450 1607 3517 uertitur,
1622 3449 1649 3504 in
1661 3449 1733 3504 bunc
1741 3447 1851 3501 modrnn
1859 3444 1929 3499 milri

1132 3546 1236 3603 litteras
1246 3545 1412 3601 destinastis.
1425 3541 1611 3598 illustrissimo
1623 3554 1656 3596 ae
1665 3537 1931 3594 reiterabilidorniuo

1133 3637 1233 3694 saucio
1248 3637 1294 3691 liei
1307 3637 1394 3708 gratia
1420 3629 1608 3702 Portugalensi
1633 3630 1688 3698 regi
1714 3627 1750 3683 tl.
1763 3628 1860 3684 earlent
1876 3624 1931 3680 Za·

1133 3729 1266 3786 morensis
1293 3728 1436 3798 episeopus
1464 3733 1492 3778 et
1518 3723 1649 3793 magister
1668 3721 1701 3775 P.
1714 3717 1893 3790 legionensis
1904 3724 1932 3772 et

1133 3823 1153 3878 l.
1167 3822 1340 3880 zamorensis
1370 3821 1464 3876 decern
1482 3818 1596 3875 salutem
1621 3825 1649 3872 et
1662 3825 1818 3888 promptum
1845 3813 1933 3869 dero·

1133 3917 1216 3974 tionis
1243 3914 1411 3972 lamulatum.
1441 3909 1541 3969 Notum
1554 3911 1671 3967 iacimus
1690 3909 1860 3967 excellentie
1881 3922 1933 3963 re-

1134 4016 1198 4063 strae
1212 4005 1283 4078 quud
1295 4020 1355 4073 uos,
1375 4004 1558 4062 mediantibus
1570 4002 1794 4074 procuratoribus
1805 4027 1808 4034 ·
1819 4000 1933 4065 restris,

1135 4098 1357 4168 l'ortugalensem
1396 4087 1554 4166 episcopum
1589 4095 1626 4150 ad
1663 4093 1745 4150 taleut
1772 4091 1935 4149 induxiunts

1135 4188 1340 4258 compositionis
1379 4186 1501 4252 modum,
1532 4187 1656 4259 inspecto
1681 4184 1759 4256 prius
1783 4181 1935 4253 diligenter

1136 4277 1234 4337 summi
1247 4278 1384 4352 portaticis
1399 4279 1542 4348 rescripto.
1556 4287 1587 4333 ut
1613 4292 1661 4332 ros
1674 4276 1749 4347 prius
1764 4273 1853 4344 ipsum
1867 4273 1932 4342 epi·

1137 4388 1248 4444 scopum
1261 4382 1289 4428 ct
1305 4385 1369 4427 utros
1394 4371 1421 4425 in
1440 4370 1607 4440 plenitudiue
1619 4369 1713 4440 gratie
1737 4375 1836 4421 restrae
1859 4363 1934 4420 bona

1102 4465 1192 4536 plide
1222 4464 1374 4534 recipiatis,
1398 4477 1551 4534 superque
1574 4463 1600 4518 ei
1625 4468 1680 4516 tant
1695 4474 1805 4531 apertas
1826 4461 1936 4516 litteras

294 4537 329 4594 Μ’
346 4535 455 4595 nmini
472 4536 546 4640 πᾳ
559 4537 713 4630 mem
726 4534 962 4638 ip⁵iff¹³st¹⁰⁰¹¹⁰¹¹¹⁶
976 4533 1085 4637 Qun}
1138 4572 1221 4628 quam
1240 4556 1309 4612 alias
1328 4553 1581 4624 siruilesjudiclbus
1603 4555 1811 4623 transmittatis,
1823 4565 1851 4609 et
1870 4551 1935 4625 epi·

292 4627 323 4685 l‘.
337 4625 470 4686 Feudum.
489 4627 573 4685 Ttrou
597 4638 625 4684 et
639 4642 735 4684 omnes
751 4627 819 4682 altos
835 4641 906 4698 quos
932 4633 1088 4682 constiterat
1138 4657 1279 4720 ,cop-,lum
1293 4663 1372 4704 suum
1384 4663 1447 4702 cum
1465 4646 1555 4703 debu,
1570 4647 1726 4719 integritate
1746 4647 1834 4702 eidem
1849 4657 1878 4704 et
1889 4661 1938 4717 pa·

293 4720 436 4821 praelatum
449 4721 608 4793 episcopum
622 4733 655 4776 ac
670 4719 803 4821 decanum
819 4727 848 4774 et
864 4718 923 4791 ejus
938 4717 1030 4820 socios
1045 4716 1088 4770 in·
1140 4741 1295 4798 [timonium
1313 4755 1391 4796 suum
1408 4755 1470 4795 cum
1492 4739 1556 4797 inde
1585 4740 1682 4798 amam
1706 4741 1873 4809 mmmm
1900 4742 1938 4797 (¹0

293 4807 515 4866 elusosrudomo
531 4824 579 4865 sua
594 4819 695 4866 terruere
721 4819 853 4878 tenuasse,
870 4824 932 4864 eum
957 4815 987 4864 et
1013 4807 1087 4862 tdem
1138 4837 1230 4891 musis
1253 4835 1443 4906 religiosorum
1472 4839 1501 4888 et
1522 4846 1746 4906 quorumcunque
1768 4835 1937 4892 elericorum

294 4897 722 4974 portariusqucmdamejusdem
741 4901 863 4972 ⁰⁹i⁸⁰⁰⁹i
887 4899 1088 4957 subdi³⁰⁰¹¹¹¹¹¹¹
1138 4928 1309 4997 episcopatos
1333 4927 1374 4982 sui
1395 4941 1445 4983 ros
1460 4941 1513 4982 uon
1540 4926 1729 4984 irttromittetis
1740 4943 1790 4999 per
1815 4942 1865 4984 ros
1891 4928 1937 4984 rel

296 4993 416 5100 ιίιιιῑιιιιι
432 5003 528 5050 catena
542 4993 630 5050 lerrea
658 4997 777 5050 tenuisse
796 4995 914 5060 dicatur,
932 4992 1023 5048 modio
1039 4992 1088 5047 de·
1138 5030 1188 5086 per
1213 5016 1340 5073 homines
1358 5025 1474 5084 vespm,
1497 5018 1551 5073 ,ἡδὶ
1568 5017 1717 5089 requisitus
1736 5019 1771 5075 ab
1788 5033 1822 5075 ω
1849 5028 1881 5075 02
1899 5019 1939 5075 ab

294 5091 425 5142 ttnntretrs
439 5087 715 5142 excommunicationi
727 5086 864 5158 subjectos
874 5096 901 5142 et
910 5087 946 5144 ab
959 5084 1089 5141 omnibus
1139 5108 1213 5163 omni
1235 5109 1355 5180 ipsorum
1382 5112 1540 5180 gravamine
1567 5111 1697 5182 deinceps
1718 5061 1879 5179 desqsoeq'q„
1905 5122 1937 5167 e,

296 5177 403 5234 lactatis
428 5186 558 5285 tauquam
587 5178 835 5270 excommunicatos
860 5177 963 5234 arctius
989 5176 1089 5232 evitari
1139 5198 1283 5254 ,pepusam
1304 5201 1345 5254 vel
1370 5202 1570 5271 querimoniam
1603 5202 1735 5259 adversus
1755 5202 1873 5274 aliquem
1900 5203 1938 5258 de

296 5271 383 5328 ‘¹⁰⁰⁰‘
400 5281 488 5342 ΨΜ
507 5271 634 5376 ῙΨἮῙΨ
657 5270 842 5374 Μῑῑθῐθῡ-θήῃῑ
857 5278 1045 5340 ⁰⁰¹¹¹l⁰¹0¹¹¹if
1061 5276 1090 5323 θ(
1140 5290 1276 5360 praedictis
1289 5291 1449 5358 imbueritis,
1463 5301 1517 5348 nuta
1533 5307 1651 5366 perros,
1666 5293 1714 5351 sed
1736 5307 1786 5366 per
1797 5309 1859 5349 cum
1885 5295 1936 5364 iu·

296 5377 359 5420 eum
376 5373 531 5466 uestrarum
546 5363 704 5427 testimonio
719 5359 873 5418 litterarum
889 5361 1026 5418 adsedem
1047 5374 1091 5415 ac·
1141 5383 1244 5438 ,qum
1257 5385 1461 5456 consequemini
1471 5402 1480 5453 3
1490 5387 1514 5440 si
1527 5398 1618 5443 amem
1633 5387 1764 5443 adversus
1776 5336 1935 5458 episcgwm

297 5463 431 5560 cessenm
442 5453 619 5561 apostolicam
635 5453 809 5522 absoluendi;
823 5454 986 5541 sententiam
1003 5454 1090 5523 ipsam
1138 5475 1183 5531 ,eq
1200 5476 1331 5533 adversm
1346 5492 1410 5534 suos
1427 5493 1475 5549 W
1489 5479 1726 5550 archiepiscopum
1744 5479 1786 5536 ve.
1798 5495 1937 5548 persum-

297 5545 518 5620 arugultsdtebus
533 5549 682 5606 bomiuieis
696 5545 991 5619 actestivts‚putsatls
1011 5546 1090 5604 cam·
1142 5581 1215 5621 mum
1239 5568 1393 5638 pontificem
1425 5579 1541 5636 tantrnn,
1569 5571 1592 5625 si
1621 5571 1741 5628 adeum
1768 5569 1936 5643 appellatum

298 5641 426 5748 misia
443 5644 563 5700 ⁰³⁰d⁰¹i⁵
589 5645 722 5710 ammi&
737 5657 786 5714 per
803 5651 887 5699 ²⁰¹³⁰¹
912 5641 1091 5725 p⁰f¹⁰ss³¹P¹¹'
1142 5656 1235 5724 suelli.
1251 5659 1337 5728 vobis,
1355 5661 1407 5716 nisi
1424 5677 1484 5717 cnm
1499 5677 1533 5720 eo
1546 5663 1625 5717 aliter
1637 5663 1841 5728 conveneritis,
1854 5664 1939 5718 satis·

303 5747 357 5790 nerra
370 5735 513 5794 dtoecesim
528 5739 658 5796 lactentes
680 5739 842 5797 solemniter
858 5739 996 5808 innovari,
1012 5739 1087 5797 solta.
1145 5750 1246 5820 'aciem
1268 5761 1297 5807 et
1318 5752 1395 5810 vobis
1409 5768 1463 5811 mn
1492 5727 1686 5825 recipientibus
1711 5756 1740 5812 in
1762 5757 1937 5826 promum
