4109 6325
236 246 290 301 755
680 236 873 295 theochblll
891 237 924 293 lll
941 238 993 294 ΡΙ).
1015 234 1255 296 amburentur
1274 236 1338 294 ΗΒ.
1357 235 1419 293 ltu.
1809 243 1862 302 m

233 355 541 428 electionemquomsuh
554 352 600 409 tali
623 352 710 407 iorma
731 352 764 409 de
783 360 881 409 restare
907 354 1017 411 thesau-
1035 362 1059 419 Α
1108 353 1205 409 batum
1215 341 1355 421 Laterani,
1368 368 1434 409 xrru
1447 351 1507 407 llal.
1521 352 1672 422 Februarii,
1688 354 1861 427 pomltcatus

236 450 307 505 rar-io
331 447 457 503 Ecclesiae
486 443 653 510 celebrastis,
680 458 733 498 non
757 458 891 514 personae,
903 444 950 501 sed
964 445 1021 501 elc-
1074 446 1160 501 nostri
1174 452 1247 502 atino
1261 447 1368 502 decimo
1383 445 1488 515 qriiauo.

1415 534 1524 591 CClllll.

1315 642 1439 684 ranosrnt
1460 642 1520 684 neor
1538 644 1626 687 crena.

1159 718 1193 774 Ut
1205 713 1445 797 adonaisama
1458 722 1652 789 oppugnatione
1663 724 1784 781 desistat.

236 538 335 594 ctionis
356 536 432 601 titio,
447 534 609 589 auctoritate
623 541 716 588 nostra
742 534 848 589 irritam
874 535 1020 589 nuntiarit.

234 626 447 696 thelerum,etsi
461 638 569 696 poenam
588 628 761 692 merueritis,
779 641 840 682 oum
859 640 941 696 super
963 626 1023 681 buc

234 716 630 787 nonsitisinrmuuesaculpu,
653 730 720 786 quos
746 718 839 787 nequit
868 716 1023 786 lurjusmodi

233 806 394 876 corruptelae
409 820 462 861 non
475 806 678 862 consuetudinis
705 807 853 877 antiquitas
878 820 1023 873 excusare,
1240 810 1389 883 (Laterani,
1408 825 1444 863 tu
1465 809 1526 867 lrlrts
1539 810 1693 887 januarii)

236 913 286 953 tros
297 907 387 953 tamen
403 899 436 952 de
451 897 619 968 benignitate
645 896 718 953 sedis
739 895 894 966 apostolieae
915 906 1024 967 agentes
1110 906 1247 971 eranturn
1258 901 1423 971 expediatut
1438 886 1485 956 tibi
1501 910 1529 956 et
1540 904 1702 961 charissimo
1716 908 1743 964 iu
1754 908 1863 968 Christo

235 988 373 1045 uobiscum
390 988 602 1045 misericorditer
623 990 650 1044 in
676 988 728 1044 hac
749 996 839 1057 parte.
852 986 1023 1042 universitati
1077 994 1131 1050 hlio
1145 1003 1238 1051 nostro
1252 994 1308 1065 regi
1327 992 1577 1065 hierosolymitano
1590 994 1702 1065 illustri,
1718 1002 1779 1057 aliis
1790 1005 1863 1074 prin-

236 1094 332 1156 restra
348 1100 396 1155 ner
413 1084 557 1155 spasiano-s
572 1084 673 1153 scribta
696 1086 856 1140 mandatus
888 1090 1025 1154 quaeras
1076 1090 1181 1157 cipibus
1202 1097 1231 1143 et
1245 1088 1391 1143 tanarum
1410 1086 1438 1139 nr
1454 1085 1640 1145 ultraromanis
1659 1092 1782 1160 parntis
1795 1109 1861 1157 sosa-

238 1178 429 1235 eonreuieutcs
442 1180 468 1234 in
480 1192 575 1244 unam,
590 1188 617 1234 et
631 1180 717 1235 saneti
731 1176 849 1249 Spiritus
860 1178 959 1248 gratia,
972 1176 1025 1232 sic·
1075 1182 1178 1236 stitutis
1191 1181 1226 1236 sit
1246 1180 1273 1234 in
1288 1177 1403 1235 Domino
1423 1190 1472 1231 cor
1483 1192 1566 1232 unum
1584 1188 1613 1235 et
1625 1181 1713 1236 anima
1729 1199 1791 1250 una,
1806 1186 1864 1255 ipsa

237 1278 268 1326 ut
285 1270 370 1327 moris
397 1278 449 1337 est,
465 1270 599 1337 tnrocata,
627 1270 782 1341 inpetrem
815 1278 843 1325 et
868 1271 1024 1340 episcopum
1077 1272 1175 1327 docere
1201 1280 1227 1326 te
1248 1279 1338 1340 potest
1359 1268 1605 1326 circumfrementis
1618 1271 1749 1329 barbariae
1771 1277 1864 1331 multi·

236 1362 544 1419 animarumrestrarum
572 1362 650 1419 uobis
675 1376 820 1433 personam
842 1363 972 1418 canonice
994 1376 1027 1417 ao
1077 1364 1141 1418 tudo
1161 1370 1189 1417 et
1211 1361 1416 1417 innumerorum
1440 1364 1524 1419 etiam
1539 1376 1633 1433 regum
1656 1377 1689 1418 ac
1702 1366 1863 1435 populorum

236 1439 407 1510 concorditer
415 1454 533 1525 eligatis,
544 1468 605 1523 quae
619 1454 748 1524 prodesse
761 1453 849 1510 valeat
863 1462 1024 1524 etpraeessc,
1077 1452 1214 1522 exempla,
1226 1452 1271 1521 qui
1286 1451 1413 1521 leguntur
1423 1452 1476 1509 illis
1488 1451 1665 1508 succubuisse
1675 1456 1752 1511 dirisi
1763 1458 1863 1526 quibus

237 1558 286 1615 per
299 1544 374 1615 catius
387 1544 658 1615 circumspectionem
674 1542 816 1613 providam
830 1551 858 1597 et
882 1542 1027 1612 provideri·
1077 1553 1204 1614 poterant
1228 1542 1361 1599 restitisse
1388 1541 1536 1613 conjuncti.
1559 1542 1635 1601 Licet
1657 1548 1684 1601 iu
1709 1546 1760 1603 lrac
1783 1560 1863 1618 parte

239 1637 303 1691 tiam
330 1636 556 1707 circumspectam
581 1633 747 1691 Nicosiensls
772 1634 903 1701 Ecclesia,
921 1649 1026 1705 praere·
1078 1648 1250 1705 rrcqrtaquam
1271 1634 1404 1704 exemplis
1426 1650 1506 1708 egeas
1526 1637 1687 1706 peregrinis,
1709 1648 1799 1709 utpote
1816 1642 1863 1709 qtri

237 1727 328 1783 niente
345 1710 439 1783 divina
449 1728 536 1799 gratia
555 1736 583 1784 et
594 1734 735 1797 sequente,
770 1726 916 1783 salubriter
938 1726 1028 1782 ualeat
1042 1712 1064 1767 Β
1078 1724 1221 1781 marrileste
1241 1725 1387 1795 cognoscis
1399 1725 1471 1795 quod
1489 1727 1561 1782 inter
1575 1735 1673 1783 caetera
1695 1738 1804 1798 peecata
1818 1743 1867 1799 pn-

237 1817 265 1873 in
287 1816 472 1887 spiritualibus
484 1827 513 1875 et
533 1820 728 1890 temporalibus
747 1818 892 1889 gubernari
913 1832 921 1873 ι
950 1818 1026 1890 cujus
1077 1816 1134 1888 puli
1146 1814 1305 1883 Christiani,
1322 1814 1422 1886 quibus
1439 1814 1611 1887 erigentibus
1625 1824 1718 1887 gentes
1735 1817 1762 1871 ia
1781 1817 1867 1874 baere-

237 1906 407 1976 electionem,
423 1911 446 1967 si
462 1912 559 1967 uestris
574 1910 712 1966 volueritis
722 1922 837 1979 parcere
849 1906 988 1965 laboribus
1000 1918 1027 1963 et
1078 1908 1191 1965 dilatem
1216 1906 1322 1963 Douriui
1342 1906 1482 1964 venientes
1502 1910 1631 1978 templum
1648 1911 1773 1977 bomini,
1796 1914 1867 1979 uuod

239 2003 534 2069 expensis,memurato
545 2002 706 2074 patriarche
718 2000 961 2057 acreuerabilibus
971 2001 1028 2057 lra-
1079 2017 1132 2057 nou
1149 2002 1252 2071 absque
1267 1996 1360 2054 dolore
1375 1997 1531 2068 recolimus,
1547 1999 1710 2070 polluerunt,
1721 1991 1867 2073 plurimum
1895 1985 1900 1993 ¹

241 2092 327 2148 tribus
339 2093 440 2150 nostris
453 2093 615 2150 Caesanensi
628 2093 835 2164 archiepiscopo
857 2101 884 2148 et
900 2092 1029 2164 episcopo
1080 2092 1171 2149 nocuit
1190 2090 1328 2145 discordia
1353 2098 1380 2143 el
1402 2090 1540 2145 contentio
1559 2105 1620 2161 oua
1634 2107 1716 2163 super
1730 2094 1868 2164 principos

237 2184 398 2249 hecout-nsi,
414 2185 511 2255 qrribus
522 2196 603 2255 super
615 2185 666 2241 hoc
680 2184 754 2241 vices
767 2183 1031 2241 nostrascommitti·
1080 2191 1109 2238 et
1122 2189 1263 2253 magnates
1275 2179 1311 2235 ibi
1323 2180 1504 2236 consistentes
1516 2178 1600 2237 ebuso
1613 2196 1660 2238 eos
1674 2183 1740 2239 lecit
1750 2186 1777 2239 iu
1793 2186 1866 2243 inuio

238 2288 309 2339 raus,
323 2285 486 2345 presentare
507 2278 618 2344 curctis,
643 2285 672 2332 ut
698 2276 761 2347 ipsi,
785 2286 889 2331 remoto
912 2276 1032 2347 appella·
1081 2273 1228 2341 aberrare,
1244 2273 1307 2328 duan
1324 2272 1448 2345 proprias
1466 2284 1658 2343 persequentes
1683 2253 1809 2355 iniurias,
1824 2278 1867 2333 in-

239 2362 320 2419 tionis
338 2365 489 2432 obstaculo.
506 2367 669 2421 conssrraent
682 2366 724 2421 uel
737 2366 880 2421 inlirnrent
895 2366 1028 2434 eamdem,
1078 2368 1213 2440 iuriarunt
1227 2365 1302 2422 obliti
1318 2374 1381 2420 suut
1395 2362 1531 2434 cruciliai,
1543 2377 1571 2423 et
1583 2382 1632 2438 per
1644 2368 1867 2427 adinventionum

240 2457 473 2531 secundumquod
488 2461 522 2517 dc
545 2461 608 2532 jure
624 2459 705 2515 luerit
721 2460 885 2516 iaciendum.
1081 2474 1192 2515 suarum
1214 2456 1332 2512 malitias
1352 2456 1450 2513 divinae
1473 2457 1623 2527 majestatis
1649 2461 1742 2517 oculos
1768 2477 1868 2532 prouo-

274 2545 371 2603 batum
386 2549 523 2614 Laterani,
538 2564 605 2605 xrtu
617 2548 731 2605 Kalend.
744 2548 897 2618 Februarii,
920 2548 1031 2621 pontili-
1082 2560 1188 2615 cautes,
1201 2549 1247 2605 illo
1263 2558 1421 2606 meruerunt
1434 2550 1544 2620 spoliari
1564 2551 1691 2609 thesauro
1705 2552 1732 2607 iu
1748 2568 1801 2623 quo
1811 2555 1869 2613 solo

239 2647 317 2695 cattis
330 2644 497 2697 nostrianno
513 2641 619 2698 decimo
633 2642 739 2712 quinto.
1081 2640 1227 2717 Apostolus
1252 2640 1397 2711 gloriatur,
1421 2654 1502 2696 cruce
1526 2641 1652 2713 uidelicet
1675 2641 1783 2698 homiui
1804 2641 1868 2700 lesu

280 2735 314 2789 ln
334 2734 453 2786 eumdem
469 2732 574 2785 modurn
590 2732 716 2802 scripturn
731 2730 920 2801 estsuperbcc
935 2732 1032 2786 eisdem
1082 2730 1195 2786 Christi.
1218 2730 1248 2788 Sl
1273 2732 1346 2787 euius
1366 2730 1494 2787 mandata
1518 2732 1624 2790 bomini
1648 2736 1821 2791 attendentes
1841 2736 1869 2792 iu

240 2840 322 2895 usque
338 2820 532 2892 temporalibus
548 2820 703 2891 gubernari.
728 2819 845 2891 ldeouue
870 2818 1032 2877 fraternitati
1059 2822 1196 2878 -unitatis
1215 2823 1325 2879 uitroulo
1340 2824 1540 2896 perstitissent,
1560 2822 1631 2878 lacta
1656 2824 1754 2880 luisset
1774 2839 1869 2881 eorum

243 2902 342 2974 res'trae
357 2927 406 2987 per
420 2913 569 2986 apostolica
593 2914 693 2984 scripta
717 2911 879 2967 mandamus
901 2920 1033 2981 quatenus
1083 2928 1136 2982 pax
1158 2912 1236 2984 juxta
1258 2916 1371 2971 uerbum
1396 2914 1583 2987 propheticum
1598 2916 1668 2971 sicut
1681 2900 1802 2975 bomem
1816 2914 1871 2975 Sed

242 3026 304 3065 otuu
330 3004 659 3077 gtraedicturncapituluur
689 3004 847 3060 electionem
877 3003 1032 3073 predictam
1085 3005 1148 3059 dum
1164 3006 1206 3060 sir
1220 3022 1274 3061 raon
1296 3018 1373 3063 curat
1389 3024 1501 3079 parcere
1518 3007 1597 3063 iratri
1623 3023 1683 3074 suo,
1705 3011 1770 3065 durn
1789 3026 1870 3065 unus·

240 3100 318 3157 voltis
328 3096 484 3155 etrraverint
500 3104 676 3168 prasentare,
688 3109 737 3151 uos
753 3095 917 3151 auctoritate
931 3103 1045 3151 nostra
1084 3096 1199 3166 quisque
1212 3112 1323 3153 caruem
1339 3098 1381 3154 sui
1397 3100 1502 3155 lsrachii
1516 3100 1641 3167 devorat,
1657 3100 1720 3155 duna
1736 3111 1871 3173 transgre·

241 3191 347 3248 sublato
360 3188 548 3258 appellationis
565 3187 708 3244 obstaculo
724 3187 892 3244 conbrrnetis
904 3189 944 3244 rel
956 3187 1034 3242 iuhr-
1045 3172 1063 3230 ’ν
1085 3188 1197 3243 diuntur
1214 3187 1288 3259 leges
1304 3188 1407 3246 loedere
1430 3193 1571 3264 dissipato,
1593 3202 1693 3248 terram
1718 3195 1872 3250 maledictio

242 3283 322 3339 metis
336 3279 470 3344 eamdem,
486 3279 634 3335 secundum
654 3279 725 3349 qrtod
752 3279 785 3334 do
809 3280 873 3350 jure
894 3277 976 3333 luerit
994 3276 1036 3331 la·
1086 3278 1226 3334 devorarit
1247 3289 1275 3335 et
1293 3281 1492 3339 habitatoribus
1512 3284 1597 3354 ipsius
1611 3285 1806 3355 peccantibus,
1822 3286 1872 3341 bo·

242 3373 378 3430 ciendum.
391 3371 467 3440 Quod
479 3371 501 3427 si
517 3387 569 3426 non
582 3361 688 3437 omues,
700 3369 967 3436 etc.,duorestrum,
979 3376 1033 3425 etc.
1085 3369 1174 3425 mines
1195 3371 1274 3440 pauci
1291 3370 1379 3428 relicti
1396 3381 1459 3428 srrnt
1481 3374 1507 3429 in
1531 3374 1644 3443 eadem,
1660 3390 1753 3432 coram
1776 3377 1873 3447 quibus

243 3466 298 3520 lns'
313 3464 437 3537 denique,
454 3461 553 3519 iratres
580 3461 747 3534 patriarcba,
771 3461 974 3536 archiepiscope
1008 3471 1036 3518 et
1087 3462 1353 3534 regiurrernipsorum
1366 3464 1602 3532 ‹irrorantalieni3
1615 3467 1767 3538 meritoque
1778 3468 1873 3522 tirncn·

243 3555 379 3627 episcope,
394 3571 475 3627 super
486 3555 564 3611 robis
578 3553 654 3624 ipsis,
674 3561 718 3609 etc
1086 3554 1150 3608 dum
1165 3565 1207 3609 est
1224 3567 1258 3610 ne
1271 3555 1298 3610 iu
1310 3555 1344 3610 iis
1356 3555 1483 3610 omuibus
1498 3557 1615 3612 nondum
1630 3557 1666 3613 sit
1676 3556 1783 3612 bontiui
1794 3558 1872 3615 lusor

280 3647 385 3715 batuto,
401 3663 429 3704 ut
443 3665 536 3719 supra.
1086 3659 1209 3710 auersus,
1224 3645 1271 3701 sed
1288 3646 1377 3701 adbuc
1394 3663 1491 3703 mauris
1504 3648 1603 3703 diuinas
1621 3649 1734 3706 ultionis
1752 3659 1872 3716 extenta,

582 3781 669 3838 CCV„
701 3802 703 3810 Ι
1086 3745 1147 3786 cum
1175 3731 1290 3802 populus
1317 3731 1350 3785 ad
1374 3733 1571 3802 percutientem
1599 3749 1628 3790 se
1655 3736 1771 3790 necdum
1796 3735 1874 3806 plene

674 3822 681 3835 '
727 3877 733 3894 ,
1086 3821 1210 3890 redierit,
1235 3822 1282 3876 scd
1300 3822 1377 3892 quasi
1402 3823 1489 3879 bostis
1512 3823 1594 3890 desit,
1620 3827 1788 3882 converterit
1803 3827 1874 3880 inse

336 3889 512 3930 mmm
539 3889 575 3929 Μ
594 3887 733 3942 mum*
750 3888 938 3933 mmm&
1086 3897 1206 3978 titanus,
1237 3897 1330 3985 ibiqtre
1350 3913 1522 3972 Christianus
1540 3915 1724 3972 Christianum
1737 3917 1874 3988 captivare

1087 4022 1142 4061 saon
1168 4007 1272 4062 dubitet
1297 4007 1342 4063 uhi
1360 4008 1557 4080 totprinoipes
1578 4008 1679 4080 aliique
1704 4009 1797 4066 lldcles
1824 4024 1872 4066 soa

1085 4113 1136 4167 pro
1161 4098 1316 4156 defensione
1339 4100 1458 4156 nominis
1480 4097 1629 4157 Christiani
1651 4115 1764 4170 corpora
1791 4101 1874 4157 tradi-

285 4193 392 4262 Quanto
436 4195 602 4255 Antiocheno
629 4195 747 4268 Ecclesia
785 4195 894 4265 majori,
922 4193 1051 4264 [loturuo
1087 4189 1206 4257 derunt,
1235 4189 1291 4245 iano
1321 4191 1467 4246 etiamubi
1488 4192 1546 4262 ipse
1570 4189 1697 4248 Cirrislus
1721 4207 1771 4262 pro
1797 4195 1874 4250 nobis

249 4287 417 4357 disponente,
440 4287 600 4356 praeeminet
638 4283 777 4354 dignitate,
799 4294 874 4339 tiarrto
898 4283 974 4339 vobis
995 4292 1037 4338 est
1088 4280 1199 4337 tradidit
1220 4283 1408 4355 semetipsum.
1435 4285 1507 4341 Ecce
1532 4285 1604 4341 enirn
1629 4293 1657 4339 lu
1686 4285 1822 4359 ipse,qui
1840 4303 1873 4343 en

247 4377 389 4434 sollicitius
403 4377 598 4449 providendum
612 4391 645 4432 ne
660 4375 717 4433 herl
732 4377 873 4448 coritingat
888 4372 991 4446 aliquid
1007 4376 1034 4429 iu
1052 4397 1075 4457 0
1088 4373 1210 4429 devotius
1226 4375 1326 4430 teneris
1340 4375 1406 4446 Regi
1422 4376 1654 4451 militarecoelesti
1667 4392 1721 4449 quo
1736 4377 1809 4434 idern
1825 4379 1872 4434 tibi

248 4469 342 4525 eadem
359 4468 429 4539 quod
442 4467 554 4540 alicujus
569 4467 711 4546 prauitatis
725 4470 960 4537 exemplomentes
973 4481 1035 4536 pos·
1088 4463 1218 4535 majorem
1233 4467 1347 4521 contulit
1360 4477 1534 4535 potestatem,
1551 4467 1680 4524 dilectura
1697 4469 1784 4526 lilium
1799 4471 1875 4526 nobi-
1934 4505 1941 4514 -

248 4561 468 4633 siteorruurpere
482 4561 664 4626 subditorum,
675 4560 722 4632 qui
733 4575 765 4615 ea
777 4558 938 4629 quaevideut
952 4557 1008 4612 lieri
1022 4550 1050 4612 a'
1088 4557 1141 4612 lem
1157 4555 1244 4612 rirurn
1261 4557 1294 4615 0.
1309 4559 1542 4630 consanguineum
1560 4559 1625 4616 dicti
1649 4562 1721 4632 regis
1743 4571 1770 4618 et
1790 4577 1873 4631 quos·

251 4653 399 4722 uanioribus
418 4651 497 4708 larcile
517 4653 605 4709 solent
627 4651 736 4708 trabere
757 4651 783 4706 iu
809 4651 972 4721 exemplum.
995 4650 1036 4705 lltl
1089 4651 1150 4706 dam
1179 4649 1246 4706 alius
1271 4651 1401 4707 vassallos
1425 4649 1564 4719 ejusdem,
1588 4635 1638 4722 'qui
1662 4651 1809 4709 Saracenis
1828 4669 1876 4710 eos

250 4756 370 4803 nostram
384 4747 518 4819 siquidem
535 4748 701 4804 audientiam
726 4747 855 4805 noveritis
882 4733 1052 4819 peruenisse,¹
1089 4743 1201 4798 annalis
1215 4757 1247 4798 ae
1265 4745 1329 4812 igne
1348 4742 1521 4815 urgentibus,
1536 4742 1571 4798 ad
1593 4752 1695 4798 terram
1711 4751 1786 4798 tuom
1799 4745 1876 4815 quasi

249 4837 334 4906 quod,
352 4853 412 4893 cum
432 4829 531 4906 aliquis
557 4838 665 4910 eligitur
702 4827 729 4894 in
764 4839 889 4896 abbatem
917 4839 1039 4895 ecclesiae
1090 4832 1441 4904 tutumChristianipopuli
1459 4832 1659 4903 receptaculum
1682 4833 1877 4905 conlegerunt,

250 4923 344 4980 Sancti
359 4924 444 4994 Pauli,
456 4941 505 5006 vos
516 4928 659 4982 occasione
668 4927 890 4994 confirmationis,
899 4943 1038 5006 procura·
1089 4928 1222 4984 carcerali
1233 4926 1376 4993 custodiae,
1389 4927 1461 4981 sicut
1475 4926 1642 4996 acecpimus,
1658 4924 1834 4997 mancipasti,
1850 4936 1879 4980 et

303 3985 344 4042 Ne
356 3989 420 4058 quid
436 3988 558 4058 esigctru
566 4003 614 4058 pro
628 3985 828 4056 cortfimuutioue
837 3988 981 4044 electionis.

396 4077 547 4151 (Laterani,
564 4093 630 4134 xuni
644 4077 704 4135 liat.
719 4075 885 4151 Februarii.)

251 5015 351 5070 tionem
368 5013 625 5088 erurqoeti'sabea
639 5027 823 5076 trecentorum
846 5022 1050 5092 Byzantiorum,
1090 5032 1183 5092 spreto
1205 5021 1314 5076 nouriue
1335 5017 1448 5083 Christi,
1472 5017 1545 5087 qood
1563 5019 1721 5074 invocatum
1739 5027 1781 5074 est
1797 5031 1881 5101 suaper

251 5107 396 5164 ualentiam
424 5110 610 5167 excedentem.
630 5106 697 5168 Cum
719 5113 802 5182 igitar
825 5114 852 5170 in
880 5114 1050 5175 cauorricam,
1089 5128 1167 5178 eos,¹
1183 5109 1257 5182 ipsos
1274 5109 1385 5165 tractari
1404 5108 1472 5164 lacis
1489 5107 1557 5163 adeo
1577 5109 1724 5174 inhumane
1739 5117 1769 5164 ut
1782 5107 1824 5164 eis
1842 5105 1880 5163 nil

251 5214 303 5255 non
317 5201 405 5271 sapiat
416 5202 575 5271 puritatem,
596 5204 767 5278 universitati
790 5213 888 5269 restrae
919 5205 1040 5261 arrctori-

251 5293 485 5362 tatepraesentiurn
503 5293 649 5352 districtius
674 5296 828 5354 iuhibemus
859 5313 893 5354 ne
912 5312 1041 5368 procura-

252 5382 353 5440 tioncm
366 5385 530 5456 liujusruodi,
544 5390 594 5446 nisi
609 5389 687 5446 vobis
700 5389 768 5446 alias
794 5389 935 5458 debeatur,
963 5402 1041 5446 occa·

252 5463 487 5548 sionchujusmodi
501 5483 610 5553 exigere
622 5483 654 5538 de
669 5491 767 5538 caetero
782 5481 916 5538 ullatenus
940 5495 1041 5552 praesu·

253 5567 343 5660 pratis.
371 5567 413 5626 'lu
435 5573 561 5645 denique,
595 5573 679 5631 irater
700 5574 864 5646 patriarcha,
899 5588 979 5647 super
1013 5583 1041 5632 tc

254 5663 324 5722 tpso,
342 5666 397 5716 etc.

1091 5203 1214 5260 rideatur
1236 5200 1366 5271 prodesse
1380 5199 1452 5270 quoti
1467 5199 1612 5269 ellrtgerint
1626 5199 1758 5255 saevitiam
1776 5195 1879 5254 barba·

1091 5311 1195 5352 rorum.
1210 5294 1338 5362 Quirrimo
1354 5293 1422 5363 ipsis
1437 5293 1471 5346 atl
1490 5289 1628 5347 cumulum
1643 5281 1747 5346 doloris
1761 5288 1878 5352 accedite

1090 5398 1221 5444 eteorum
1235 5400 1331 5458 poenas
1345 5385 1397 5440 hoo
1409 5385 1495 5455 ipsunt
1508 5400 1561 5438 non
1576 5383 1710 5440 mmllcmn
1722 5380 1888 5454 exacerbat,

1091 5481 1163 5549 quod
1186 5478 1223 5534 ibi
1250 5486 1410 5548 repererunt
1424 5475 1586 5546 suppliciunt
1606 5474 1653 5530 ubi
1675 5473 1808 5544 retugium
1833 5471 1881 5526 de-

1092 5574 1208 5628 buerant
1218 5571 1363 5627 iuvenisse.
1378 5567 1419 5623 sd
1435 5568 1503 5636 haee,
1518 5557 1630 5640 regnunt
1646 5569 1743 5640 ipsius,
1755 5565 1881 5630 homines

1092 5679 1168 5734 suos,
1179 5664 1225 5735 qui
1241 5662 1292 5719 sibi
1307 5659 1421 5717 rebelles
1428 5647 1566 5729 'existunt'
1574 5668 1754 5735 contra-eum,
1769 5654 1801 5713 tit
1813 5653 1881 5712 diti-
