4109 6325
647 320 896 383 uuuurrtuurus
915 324 1009 385 uuus
1029 324 1106 391 xil.
1122 322 1261 384 cuuisu
1281 324 1360 385 tals.
1664 352 1669 359 ¹
1769 326 1820 385 idi

486 438 675 499 OExxil'llu
996 446 1019 505 ll
1034 452 1195 515 tercmpuun
1208 442 1317 499 tandem
1326 438 1423 511 gladiis
1435 437 1591 512 implorum,
1603 447 1632 495 et
1642 437 1764 497 loannes
1774 452 1819 497 res

528 541 636 585 sussen.
1032 533 1134 605 Anglim
1153 541 1233 589 iratos
1252 530 1311 603 ejus
1329 540 1440 602 propter
1456 531 1580 587 eamdem
1597 545 1707 588 causam
1727 545 1819 589 rosas

483 618 570 691 Super
583 621 684 677 eudem.
1033 622 1146 679 dilectos
1168 622 1237 678 tilios
1260 625 1409 678 munacius
1429 621 1639 680 cantuarienses
1653 636 1717 680 cum
1730 620 1825 679 multis

442 715 569 784 (datium,
586 726 614 770 ut
632 713 723 785 rrrpru)
1031 713 1092 769 aliis
1103 729 1119 768 a
1131 713 1282 785 multojam
1294 722 1415 783 tempure
1425 712 1517 781 iuique
1528 714 1712 785 persequitur,
1720 728 1825 786 eugeus

222 805 303 875 sene
314 804 451 877 courtingit
472 812 504 861 ut
523 806 586 861 dum
602 805 710 861 lrustilis
726 804 880 876 malignitas
893 819 923 862 sc
938 821 980 863 rc·
1031 819 1079 860 rus
1098 803 1177 861 burris
1192 803 1319 860 omnibus
1332 804 1463 873 spoliatos
1479 804 1822 875 miserabiliteressulare,

187 897 259 971 perit
270 904 448 963 coarctatum,
461 908 558 967 pacem
577 896 604 954 in
619 895 681 952 dolo
694 894 857 961 dissimulet,
873 896 979 951 dolum·
1032 910 1081 952 nos
1098 896 1291 953 ecclesiasticae
1313 897 1392 952 uobis
1417 897 1519 969 scripta
1544 899 1705 957 insudamus
1728 909 1758 956 et
1779 902 1824 956 di·

186 1002 241 1058 que
256 996 317 1059 post
327 1000 421 1058 pucenr
434 994 563 1053 stterrtet,
578 995 608 1042 ut
622 1002 669 1043 cos
680 986 821 1043 fraudibus
831 986 980 1043 circumre·
1030 984 1125 1040 stricte
1141 984 1314 1056 precipimus
1328 994 1464 1056 qrratenus
1478 987 1501 1042 si
1516 986 1605 1044 dictus
1616 1004 1664 1046 res
1677 990 1823 1049 riulurerit

181 1078 245 1136 ¹uiat
259 1078 357 1150 qrribus
377 1092 431 1134 nou
451 1078 539 1148 potuit
558 1078 663 1135 uiribus
677 1078 837 1151 prscralere.
852 1078 979 1133 l'oleutes
1029 1088 1124 1145 pacem
1141 1090 1202 1146 quae
1219 1076 1292 1132 inter
1311 1076 1400 1147 ipsum
1422 1085 1452 1133 et
1473 1075 1623 1134 Ecclesiam
1644 1080 1823 1151 lupicenus

177 1168 280 1240 itaque
293 1178 388 1225 contra
406 1169 565 1225 dolositates
581 1168 736 1239 lrnjrrsmudi
755 1169 878 1240 diligenti
890 1168 980 1239 prori-
1029 1168 1185 1238 proris-ione
1200 1168 1282 1225 inerit
1293 1167 1441 1238 apostolica
1459 1167 1616 1235 reformata,
1637 1184 1686 1227 ros
1698 1179 1746 1229 ant
1757 1174 1821 1244 quui·
1846 1210 1851 1217 -

187 1260 252 1317 dere
267 1259 384 1326 cautela,
399 1262 574 1331 praesentium
587 1260 665 1317 rubis
680 1261 844 1317 auctoritate
853 1260 979 1317 concedi-
1029 1258 1096 1316 libet
1106 1260 1152 1315 alli
1168 1260 1271 1316 nullum
1283 1260 1318 1316 dc
1335 1253 1488 1317 incredibus
1501 1262 1558 1317 sois
1572 1277 1673 1334 ungere
1685 1262 1728 1318 rel
1742 1278 1824 1319 enro-

188 1365 248 1407 mus
267 1352 339 1421 quod
359 1350 381 1407 si
398 1350 517 1408 ioannes
536 1367 584 1408 rer
602 1351 707 1423 Anglisc
727 1351 871 1407 uiolauerit
884 1364 978 1422 pacem
1028 1366 1097 1406 unre
1109 1349 1279 1420 presumatis
1291 1350 1318 1407 in
1334 1365 1437 1423 regeur,
1449 1351 1525 1409 soluo
1534 1368 1644 1425 semper
1655 1353 1683 1411 in
1694 1354 1822 1412 omuibus

188 1449 330 1509 postquam
346 1440 515 1511 interipsum
527 1449 555 1497 et
568 1440 715 1496 Ecclesiam
729 1439 904 1511 duplicauaru
916 1454 979 1526 pro-
1028 1441 1269 1513 apostolicaesedis
1286 1444 1426 1499 mandute.

187 1528 291 1584 risione
305 1527 388 1585 inerit
399 1528 548 1599 apostolica
568 1528 726 1595 reformata,
742 1529 792 1584 nisi
807 1542 853 1584 rex
865 1528 923 1597 ipse
939 1526 978 1582 lc·
1373 1534 1474 1591 CCXL.

186 1618 281 1689 girirue
307 1620 427 1675 monitus
453 1618 619 1676 satisleccrit
635 1626 838 1692 competenter,
853 1619 978 1675 consultu
1256 1641 1381 1683 muscoso
1396 1643 1588 1685 musuniensi.

187 1710 297 1767 interim
317 1712 440 1767 Romano
454 1711 592 1781 pontifice,
610 1725 702 1779 regem
716 1712 804 1781 ipsum
825 1718 851 1765 et
865 1723 977 1779 reguum
1210 1715 1248 1772 pe
1262 1718 1392 1788 ersmers
1407 1719 1479 1774 ηπῑς
1494 1718 1639 1790 pomerius,

187 1802 289 1873 clusin
304 1816 364 1861 eum
378 1812 479 1859 statum
496 1803 632 1859 interdicti
644 1812 671 1859 ct
686 1797 979 1859 excommnuicationis
994 1794 1016 1851 u
1191 1810 1348 1881 (Laterani,
1362 1827 1399 1868 ru
1415 1812 1475 1868 Kar,
1491 1809 1663 1879 reumatis)

189 1894 216 1949 iu
230 1908 285 1965 qrro
298 1904 361 1952 sate
371 1894 590 1952 reformationem
605 1896 680 1965 pacis
693 1894 979 1953 iuuerunt-auctoritate
1068 1898 1163 1957 bilecti
1180 1900 1225 1956 dlii
1236 1902 1362 1958 consules
1373 1900 1607 1973 llontispcssulaui
1622 1899 1700 1957 uobis
1713 1900 1822 1957 bumili-

188 1983 336 2054 apostolica
349 1984 495 2042 reducetis.
511 1983 588 2054 Quod
602 1986 625 2043 sl
638 2002 691 2044 uon
703 2000 810 2055 oruues,
825 1996 878 2043 etc.
1032 1997 1076 2046 ter
1092 1988 1279 2062 supplicarunt
1292 2000 1321 2048 ut
1334 2006 1396 2047 cum
1409 1991 1466 2048 sola
1479 1990 1594 2047 ecclesia
1610 1990 1682 2047 beati
1695 1980 1821 2055 Firmini.

223 2074 329 2144 ilatum,
344 2084 374 2131 ut
388 2092 480 2148 supro.
1031 2094 1093 2152 quae
1103 2080 1176 2137 inira
1190 2097 1283 2137 munros
1296 2082 1366 2139 rillae
1381 2096 1438 2138 suu
1450 2081 1615 2154 parochialis
1632 2081 1734 2147 existit,
1752 2082 1823 2137 mul·

497 2167 665 2227 ccxliiiix.
1030 2172 1138 2227 titudiui
1151 2170 1242 2243 populi
1257 2188 1310 2228 nou
1325 2171 1440 2228 sufficiat
1451 2180 1620 2229 sacramenta
1635 2172 1821 2229 ecclesiasten

529 2276 637 2319 ursusu.
1031 2260 1197 2328 ministrare,
1213 2262 1240 2317 in
1259 2272 1378 2332 urratuor
1393 2269 1441 2317 aut
1456 2262 1578 2333 quinque
1591 2260 1662 2316 rillre
1680 2260 1765 2329 ipsius
1776 2274 1823 2316 ee·

480 2350 565 2423 Super
583 2352 684 2409 eodem.
1030 2353 1122 2412 clesiis
1135 2356 1193 2411 dari
1212 2356 1387 2426 poeuiteutias
1405 2362 1433 2410 et
1450 2363 1621 2411 sacramenta
1634 2352 1822 2411 ecclesiastica

222 2439 291 2509 Quia
316 2455 511 2514 nonnunquam
536 2443 716 2517 malignorum
740 2444 907 2517 perversius
929 2462 978 2517 pcr
1032 2445 1193 2501 luceremus.
1210 2444 1336 2501 iolrrrtes
1352 2444 1544 2515 ipitnrinbnc
1563 2442 1822 2514 parteirateruitmi
1940 2443 1943 2448 '

186 2531 388 2589 successionem
403 2535 545 2605 sauguinis
564 2535 753 2607 aparentibus
772 2538 799 2593 iu
816 2537 886 2595 silius
903 2538 977 2595 deri·
1031 2542 1084 2591 tuae
1100 2533 1218 2600 deferre.
1232 2549 1280 2605 per
1300 2533 1447 2604 apostolica
1468 2530 1517 2586 tibi
1535 2532 1639 2604 scripta
1659 2535 1822 2591 mandamus

187 2632 277 2689 ratrrr,
295 2612 365 2681 'sicut
379 2625 521 2682 euidenter
534 2638 648 2699 apparet
662 2642 696 2683 er
710 2642 743 2684 eo
763 2628 834 2699 quod
847 2628 913 2685 olim
929 2644 975 2686 res
1030 2636 1167 2699 quatenus
1180 2640 1263 2697 super
1277 2626 1336 2682 lraec
1350 2626 1440 2681 taliter
1453 2626 1595 2697 prouidere
1604 2640 1735 2698 procures
1749 2628 1821 2698 quod

186 2715 334 2785 duplorum
346 2716 478 2774 lleuricus
491 2718 600 2774 beatum
612 2717 743 2775 Tlrumour
754 2717 976 2776 cantuariensem
1029 2719 1128 2776 cxiude
1142 2731 1195 2775 usu
1214 2726 1337 2788 emergat
1349 2716 1501 2788 pericnlum
1514 2718 1679 2773 animarum.

188 2808 423 2879 archiepiscopum
440 2810 574 2881 justitiam
594 2819 622 2868 ct
641 2811 793 2869 libertatem
810 2812 977 2869 ecclesiasti·
1067 2813 1163 2868 betium
1182 2811 1324 2876 Laterani,
1342 2826 1380 2867 ιιι
1403 2808 1463 2866 llal.
1477 2809 1628 2877 Februarii,
1647 2808 1821 2881 pontidestns

187 2914 248 2957 mur
259 2898 447 2958 deleruleuteru
454 2901 541 2987 longo
555 2900 607 2959 luit
623 2912 744 2975 tempore
753 2913 922 2975 persecutus,
938 2904 977 2961 iu·
1030 2905 1116 2962 unsri
1131 2918 1205 2960 auno
1217 2902 1324 2961 decimo
1334 2904 1442 2976 quintu.

189 3063 1822 3099 mmmm

641 3237 1199 3396 luuuuuuull
1251 3237 1359 3390 Ill

697 3517 929 3612 uouuur
969 3514 1319 3613 rouurrrcrs

305 3732 848 3870 REGESTORUM
912 3733 1092 3866 SIVE
1155 3729 1717 3863 EPISTOLARUM

562 3991 770 4112 LIBER
809 3990 1124 4110 DECIMUS
1166 3991 1460 4113 SEXTUS.

530 4279 534 4285 ·
654 4248 907 4310 rouutrtcuuus
926 4245 1020 4306 ANNO
1038 4245 1110 4315 ΠΙ,
1129 4245 1266 4305 curristi
1285 4247 1365 4304 lili.

999 4603 1022 4664 c
1040 4599 1169 4672 temporis
1186 4597 1294 4655 restitui
1316 4597 1459 4664 iacientes,
1484 4597 1641 4668 supplerent
1658 4596 1682 4655 si
1699 4597 1764 4670 quid
1779 4611 1829 4671 per

189 4706 340 4749 asuossssr
358 4706 393 4746 ιτ
409 4705 608 4749 nonsummum
626 4704 775 4758 srtscorrs.
794 4707 830 4748 sr
848 4702 986 4747 ussurus
1038 4692 1124 4764 ipsius
1155 4689 1336 4762 britaniensis
1368 4689 1499 4744 malitiam
1534 4689 1653 4746 dcinisse
1689 4698 1828 4746 mustarct

324 4799 474 4841 recururro
487 4789 855 4854 sucurnrtcoso'uueosrusr.
1037 4781 1205 4840 exsecutioni
1228 4779 1370 4836 sententie
1385 4793 1435 4849 pro
1452 4779 1546 4838 eodem
1560 4789 1656 4836 currina
1670 4779 1828 4853 britanien-

190 4875 232 4933 Dr
242 4876 400 4932 limitatione
409 4875 605 4944 episcopatuum
617 4872 724 4944 Epiron.
739 4885 764 4928 et
778 4872 990 4932 Colimirieuair·
1038 4890 1097 4932 sem
1125 4877 1250 4932 errmdem
1273 4870 1396 4928 arbitrali
1411 4871 1539 4928 exarnine
1559 4874 1828 4954 soperlrestltutioue

407 4964 554 5036 (Laterani,
568 4981 593 5020 ur
606 4964 665 5020 llal.
682 4964 794 5036 blondi.)
1039 4965 1177 5024 fructuum
1192 4965 1386 5037 proruulgatae,
1408 4965 1442 5019 ad
1470 4962 1658 5020 limitationem
1675 4965 1829 5037 'episcopa-

231 5057 405 5116 iieucrabilis
422 5054 509 5112 irater
522 5065 614 5112 uester
628 5054 833 5113 Colimbrieusis
843 5056 986 5129 episcopus
1041 5067 1117 5114 tuum
1127 5071 1207 5128 qnam
1218 5056 1273 5112 cito
1283 5064 1394 5127 possent
1407 5057 1457 5112 snb
1479 5053 1552 5112 oruni
1563 5054 1703 5126 diligentis
1718 5073 1829 5130 proces·

191 5151 224 5206 in
238 5159 333 5207 nostra
343 5149 485 5221 proposuit
498 5148 641 5223 praesentia
654 5148 816 5204 constitutus
827 5149 910 5219 qrrod,
924 5164 986 5205 curn
1041 5147 1098 5204 suri
1111 5187 1120 5214 ,
1133 5147 1279 5219 praedictus
1302 5145 1444 5204 Auriensis
1461 5155 1490 5202 et
1504 5145 1545 5203 sui
1572 5143 1730 5214 conjudices
1742 5163 1827 5218 super

190 5241 261 5316 oiim
278 5241 407 5298 turiensi
423 5241 550 5311 episcopo
570 5249 598 5296 et
616 5239 673 5296 suis
690 5239 876 5310 conjudicibus
888 5241 987 5297 nostris
1040 5237 1213 5294 restitutione
1224 5234 1349 5294 iacienda
1364 5236 1437 5292 uices
1455 5251 1519 5292 suas
1536 5237 1627 5294 abbati
1642 5237 1679 5294 de
1694 5236 1785 5294 Sertia
1799 5249 1828 5294 et

189 5333 351 5392 dederimus
363 5333 462 5390 litteris
474 5333 501 5388 iu
517 5333 653 5390 mandatis
669 5343 699 5390 ut
721 5333 848 5390 uniuersa
867 5334 894 5390 in
916 5349 985 5404 uuo·
1040 5344 1100 5386 suus
1114 5328 1249 5387 consociis
1259 5329 1466 5395 commiserunt,
1482 5327 1670 5386 limitationem
1685 5331 1826 5402 episcopa·

188 5440 258 5482 ruru
280 5426 481 5496 possessiouem
495 5425 731 5496 perCaurieusem
746 5437 775 5482 et
793 5427 985 5484 Ciuitatcnscm
1038 5430 1115 5478 tuum
1140 5419 1195 5478 sibi
1219 5418 1374 5491 specialiter
1393 5428 1574 5477 reservantes.
1602 5419 1826 5479 Possessiouibus

187 5515 339 5588 episcopos
368 5518 532 5574 uenerabilis
566 5517 651 5575 irater
671 5527 766 5575 noster
802 5518 988 5592 Egitauicusis
1037 5511 1131 5587 itaque
1157 5509 1346 5581 buleuterium
1367 5508 1620 5569 1111111111111
1640 5511 1758 5584 collegas
1774 5512 1827 5568 Cu·

184 5605 343 5680 episcopus
356 5608 446 5666 iuerat
460 5610 592 5667 mirersus
610 5612 736 5666 eumdem
758 5607 987 5669 colimbriensem
1038 5602 1189 5659 litubrieusi
1200 5601 1328 5660 Ecclesia
1342 5601 1491 5668 restitulIS,
1507 5601 1589 5661 iidem
1602 5603 1709 5674 jutliues
1723 5603 1826 5660 dietum

185 5699 339 5765 inductus,
354 5700 395 5757 rel
422 5717 516 5758 eurrun
536 5701 681 5757 occasione
699 5703 861 5760 auctoritate
879 5704 989 5776 propria
1040 5699 1312 5772 Epiuuiensern,nisi
1324 5698 1537 5771 tructusonrues
1548 5700 1629 5756 medii
1653 5700 1827 5772 temporisad

182 5798 357 5864 occuparet,
381 5791 432 5865 ipsi
458 5790 646 5849 Goliurbricusi
671 5805 733 5848 curn
751 5790 884 5850 fructibus
904 5792 987 5852 teredii
1039 5793 1146 5866 plenum
1163 5791 1319 5849 restitueret
1335 5787 1406 5846 inira
1421 5790 1567 5849 terminum
1583 5791 1680 5849 adbuc
1707 5792 1733 5848 ei
1756 5806 1826 5868 prae·
