4109 6325
253 283 307 339 &Si
696 271 892 360 tuuueduttt
911 272 944 329 ΙΙΙ
962 273 1015 329 PP.
1038 266 1273 328 recusabitur!
1293 267 1358 326 Lttt.
1378 268 1448 326 xlv.
1852 265 1900 322 lid

256 399 370 456 teucos
383 394 531 466 precedere
544 399 638 448 sedern
655 392 769 448 duceres
784 390 959 460 apostolicam
981 405 1047 446 con·
1061 391 1086 452 Α
1101 387 1139 444 tui
1152 402 1200 458 per
1211 367 1420 442 Nortlrmaniam
1435 384 1575 443 constituti
1590 393 1617 442 ct
1632 385 1743 455 quidam
1759 375 1900 453 aiifrcgirc

255 489 410 546 srrlcudaru.
434 486 566 554 Quocirca
581 483 743 539 fraternitati
760 492 811 537 tun
831 499 880 553 per
900 482 1049 552 apostoliea
1101 479 1199 535 ditioni
1227 479 1353 550 subjecti,
1369 486 1564 549 postponentes
1587 477 1696 547 pcuitus
1720 477 1812 534 zelum
1838 472 1898 540 ilci,

256 587 358 652 scripta
378 579 537 635 urarrnlamns
549 570 684 645 rprau'cuus
700 573 808 628 clericis
823 573 849 627 iu
865 572 953 628 sacris
971 573 1049 627 ordi·
1101 572 1269 644 praepediunt
1280 571 1364 627 laicos
1375 570 1539 640 aegritudine
1550 569 1706 625 laborantes
1718 587 1753 626 ue
1767 572 1801 628 dc
1816 573 1897 630 terris

257 676 338 730 niinrs
360 669 516 726 constitutis
532 667 727 724 tabellionatus
749 664 867 720 cilicium
881 680 931 735 per
945 664 1050 720 ncnett-
1102 666 1159 724 suis
1174 664 1215 719 ιιι
1232 662 1438 720 trurcttratibus
1458 661 1562 731 aliquid
1585 660 1611 714 iu
1626 660 1828 734 eleemosynam
1844 664 1897 718 ali·

257 766 362 820 ciorrrm
386 775 498 816 suorum
521 758 738 816 subtractionem
767 756 952 828 appellatione
975 763 1050 827 post·
1102 759 1144 816 cui
1175 757 1326 828 largiuntur
1353 755 1411 810 siue
1430 753 1607 824 pro'suarum
1628 753 1782 825 apiruarum
1799 753 1896 822 salute,

258 853 345 923 posita
360 848 515 906 interdicas.
1102 849 1251 906 secundum
1267 845 1479 904 ecelesiasticam
1503 844 1689 909 sanctionem,
1712 845 1755 900 rel
1780 846 1899 901 condant

294 943 391 999 ilatum
412 941 552 1006 Laterani,
568 955 593 995 ιί
616 938 731 994 Kalend.
755 938 925 1006 Decembris,
941 937 1051 1009 pontili-
1103 949 1296 997 testamentum
1313 937 1410 992 exinde
1427 937 1455 991 iu
1474 935 1569 991 ultima
1589 935 1739 1000 volumtate,
1754 936 1898 1007 irupoueu·

230 1095 235 1103 ¹
259 1044 337 1090 catus
350 1033 436 1088 nostri
449 1048 523 1088 anuo
539 1041 637 1101 qrrarto
650 1030 766 1086 decimo.
1103 1040 1144 1088 tes
1155 1031 1209 1087 illis
1220 1039 1281 1102 post
1291 1029 1396 1086 obitum
1409 1029 1526 1094 crimen,
1539 1027 1610 1082 sicut
1628 1029 1737 1093 asserit,
1751 1042 1897 1082 usurarum

604 1122 712 1179 CXXX.
959 1187 963 1200 ἱ
1103 1123 1148 1196 qui
1169 1123 1332 1193 poeuitentes
1344 1120 1446 1188 J'utlicie
1465 1119 1595 1176 Ecclesiae
1611 1119 1800 1176 satisfactione
1829 1135 1899 1190 prae-

311 1232 454 1274 stransast
470 1229 583 1278 succro,
598 1229 772 1271 arosrotros
789 1230 865 1270 soors
880 1230 996 1271 necaro.
1103 1217 1197 1282 urissa,
1210 1216 1282 1270 uiam
1294 1209 1359 1270 snut'
1374 1213 1509 1270 universo
1530 1213 1621 1268 carnis
1633 1213 1758 1283 ingrcssi,
1774 1221 1805 1265 ιιι
1828 1227 1899 1283 prac-

261 1304 1051 1379 lltp'unioreaeononicieopiposcintod[orticreurpraduot.
1105 1317 1179 1363 textu
1204 1306 1327 1362 criminis
1349 1319 1493 1360 usurarum
1522 1303 1713 1360 decedentium
1742 1303 1815 1360 bona
1833 1304 1899 1358 fiseo

420 1397 570 1470 (Laterani,
586 1413 616 1452 ιιι
631 1397 700 1452 Νοιι.
713 1397 895 1469 Decembris.)
1104 1399 1223 1472 regiola
1246 1398 1439 1454 detrimentum
1460 1395 1530 1466 juris
1554 1395 1734 1452 ecclesiastici
1760 1397 1899 1466 applicen-

297 1495 338 1552 dd
362 1495 529 1550 audientiam
553 1502 675 1548 nostram
701 1500 728 1546 tc.
742 1489 914 1562 significante
929 1491 1053 1560 pertenit
1106 1500 1159 1546 tur.
1174 1489 1242 1556 Quia
1268 1487 1351 1559 igitur
1365 1495 1391 1542 te
1418 1502 1471 1542 uon
1488 1487 1565 1541 decet
1579 1486 1734 1555 lutjusrnodi
1751 1487 1897 1550 sustinere,

261 1589 350 1659 quod,
370 1589 430 1643 licet
455 1586 631 1658 quamplures
645 1583 775 1640 Ecclesiae
798 1583 968 1640 Lambarrliae
992 1599 1054 1640 cer·
1104 1598 1165 1640 eum
1178 1582 1229 1638 boc
1241 1569 1336 1654 uergat
1349 1582 1375 1636 in
1392 1579 1596 1648 derogationem
1608 1577 1802 1633 ecclesiasticae
1816 1576 1899 1632 liber-

263 1693 319 1735 tuur
341 1695 484 1736 numerum
510 1677 629 1735 babeant
642 1677 868 1748 praebendarum,
886 1677 993 1732 illarum
1012 1688 1053 1732 ta·
1105 1676 1180 1742 tatis,
1192 1673 1367 1730 serenitatem
1380 1671 1483 1742 repient
1497 1685 1623 1740 rogamus
1637 1677 1665 1724 ιι
1677 1683 1899 1739 rnunemusqua-

261 1788 324 1826 mon
337 1769 462 1826 canonici
475 1771 578 1826 dictum
589 1785 732 1826 numerum
744 1769 919 1834 excedentes,
932 1769 1053 1840 plorum-
1106 1778 1187 1826 tenus
1212 1777 1388 1824 exsecutores
1409 1766 1538 1837 praefatos
1564 1764 1655 1820 taliter
1685 1764 1719 1818 ab
1742 1763 1899 1834 hujusmodi

261 1879 315 1935 pure
344 1865 377 1918 ad
404 1865 682 1943 uuamlpraebcndam
704 1861 796 1934 plures
818 1864 852 1919 dc
870 1864 927 1920 suis
951 1863 1054 1934 eligunt
1106 1862 1261 1918 temeritate
1287 1859 1389 1916 tradita
1417 1859 1464 1915 tibi
1487 1865 1623 1928 potestate
1646 1871 1805 1927 compescas
1826 1859 1900 1928 quod

261 1955 473 2026 consangnineis
489 1965 517 2010 ιι
538 1956 636 2012 actricis
651 1974 658 2010 :
673 1955 720 2026 orti
734 1969 797 2010 cum
816 1954 871 2011 siut
892 1953 1007 2025 juvenes
1026 1965 1055 2012 et
1104 1953 1297 2010 rtroderamiue
1321 1951 1396 2023 regio
1411 1951 1470 2006 hacc
1484 1949 1645 2006 detestanda
1660 1948 1782 2004 extorsio
1797 1949 1899 2004 exstir-

265 2045 458 2103 iusuifrcientes
484 2046 519 2102 ad
543 2045 705 2115 obsequium
729 2047 897 2114 earumdem,
922 2054 951 2102 et
968 2046 1055 2102 nullut
1105 2051 1195 2112 pctur,
1209 2049 1236 2096 et
1253 2050 1353 2112 praetcr
1373 2049 1506 2096 aeternam
1533 2039 1665 2110 gloriam,
1680 2055 1762 2108 quam
1788 2054 1823 2094 ιι
1851 2040 1901 2094 troc

263 2140 307 2195 rel
322 2139 394 2194 forte
408 2152 461 2194 non
474 2137 592 2194 debeant
603 2138 638 2193 ad
652 2138 810 2208 superiores
820 2138 932 2194 ordines
946 2153 1056 2208 proruo-
1106 2133 1308 2206 promereberis
1319 2133 1346 2188 ln
1360 2131 1451 2188 futuro
1455 2131 1595 2203 ,gratiam
1602 2130 1650 2186 tibi
1663 2130 1902 2200 llomiuusaupest

262 2232 330 2298 ceri,
355 2229 488 2300 contingit
513 2229 614 2305 ibidem
641 2239 754 2300 propter
780 2245 876 2286 eorum
906 2231 1054 2286 sclrisrnata
1107 2226 1285 2299 inpraesenti.

264 2323 427 2383 idonearum
458 2336 637 2390 personarum
666 2322 802 2378 iuteresse
832 2321 991 2385 defectum,
1026 2331 1055 2378 ot
1143 2319 1240 2375 ilatum
1254 2317 1393 2384 Laterani,
1407 2333 1434 2372 ιι
1447 2315 1517 2374 Non.
1544 2315 1712 2384 Decembris,
1726 2315 1902 2388 pontificatus

266 2415 384 2470 unanime
396 2413 579 2470 sacerdotum.
597 2412 688 2481 Quare
702 2414 728 2468 iu
742 2412 932 2483 spiritualibus
947 2422 975 2468 et
985 2421 1056 2468 tero·
1108 2411 1194 2468 nostri
1208 2427 1280 2468 auno
1294 2423 1391 2480 quarto
1403 2411 1518 2467 decimo.

264 2505 403 2576 poralibus
432 2520 485 2560 uon
514 2504 650 2559 modicum
677 2503 813 2558 sustinent
848 2501 1054 2558 detrimentum.
1143 2503 1230 2574 Super
1243 2505 1293 2558 froc
1304 2505 1430 2574 scriptura
1444 2512 1482 2556 est
1505 2501 1607 2556 dilectis
1619 2501 1683 2570 filiis
1704 2499 1795 2555 abboli
1809 2497 1902 2555 Sancti

269 2597 346 2653 Unde
364 2597 443 2653 uobis
461 2595 601 2651 bumilitcr
624 2593 782 2663 supplicasti
803 2603 834 2648 ut
851 2602 928 2649 certo
943 2608 1056 2648 ιιιιιιιιιιι
1111 2594 1235 2661 Victoris,
1249 2595 1294 2652 W.
1309 2595 1507 2659 arcfridincouo,
1526 2603 1551 2648 rt
1566 2595 1725 2650 cancellario
1739 2591 1902 2658 Porisiensi,

264 2687 460 2751 netrebstante,
482 2685 570 2740 dietas
592 2682 730 2740 Ecclesiae
742 2685 777 2738 de
797 2684 921 2755 personis
935 2683 1056 2751 idoneis,
1107 2695 1136 2740 nt
1149 2686 1246 2741 diruam
1259 2703 1344 2757 repom
1356 2685 1390 2740 ud
1402 2685 1451 2740 lter
1467 2686 1606 2756 efficaciter
1616 2695 1738 2740 ιιιοιιιιιιιι
1750 2695 1775 2739 ιι
1786 2684 1903 2755 prudeu-

265 2793 327 2849 quac
340 2777 424 2834 rellnt
437 2783 465 2832 ct
477 2774 583 2845 possint
594 2790 665 2830 onus
675 2775 830 2844 huirtsrirodi
843 2775 989 2842 sustinere,
1005 2773 1056 2830 tibi
1108 2787 1148 2834 ter
1157 2777 1295 2833 inducunt.

266 2871 350 2926 liceat
363 2869 500 2926 ordinare.
521 2867 655 2934 Quocirca
676 2869 834 2924 discretioni
859 2879 911 2924 tuac
927 2885 975 2940 pcc
989 2885 1042 2941 spo
1436 2869 1567 2927 cxxxtt.

266 2961 363 3017 stolica
385 2960 487 3030 scripta
508 2960 669 3016 mandaturus
692 2970 837 3037 quatenos,
862 2961 885 3016 si
902 2963 1058 3032 quosinre·
1133 2977 1282 3018 arctarer
1301 2975 1453 3017 coutourur
1473 2969 1705 3030 sanctificantur
1726 2975 1759 3014 ιιι
1779 2975 1882 3016 roaros

265 3055 349 3120 ueris,
370 3054 398 3108 iu
420 3054 487 3123 ipsis
501 3053 612 3109 idoneos
627 3053 661 3108 ad
678 3053 791 3123 gradum
810 3055 953 3112 sacerdotii
977 3069 1094 3132 assu-0
1430 3069 1586 3108 rtursrsust.

267 3146 405 3213 nretrduut,
419 3154 446 3202 lu
458 3144 529 3214 illos,
541 3153 572 3201 ut
584 3159 614 3201 se
623 3145 658 3201 ad
668 3145 825 3217 superiores
835 3146 947 3204 ordines
956 3146 1058 3203 iaciant
1180 3145 1359 3215 confirmatur
1371 3147 1490 3215 puoedorn
1506 3148 1635 3203 sententio
1651 3147 1706 3203 lufo
1719 3164 1768 3219 pro
1780 3149 1829 3203 eit.

267 3237 434 3307 pronioreri,
456 3250 506 3305 per
520 3235 735 3291 subtractionem
754 3236 950 3293 beneficiorum
966 3238 1059 3307 appel·
1308 3238 1458 3311 (Laterani,
1472 3240 1510 3295 lcl.
1527 3240 1709 3298 Decembrisl

266 3330 366 3385 latione
376 3338 502 3388 ιιιιιιιιι
513 3330 674 3400 compellas.
686 3329 815 3401 Alioquin
827 3333 853 3386 in
868 3331 991 3401 praebitis
1008 3332 1059 3386 lic-
1144 3332 1211 3388 Cum
1224 3331 1287 3388 olim
1299 3346 1331 3387 ιι
1343 3341 1421 3402 parte
1434 3340 1523 3389 uestra
1536 3332 1614 3388 nobis
1628 3331 1723 3388 fuisset
1733 3334 1905 3404 querimonia

267 3420 494 3488 clesiispcrsunas
505 3422 629 3490 idoneas,
641 3437 691 3493 per
702 3439 769 3494 quas
785 3424 941 3495 hujusmodi
954 3424 1061 3492 possint
1109 3409 1274 3495 presentata
1299 3428 1371 3496 qtrod
1395 3424 1495 3481 nobilis
1509 3426 1605 3481 ntulicr
1618 3424 1651 3483 tt.
1667 3425 1701 3482 de
1715 3426 1858 3497 Neogeute
1880 3438 1907 3483 et

267 3512 387 3583 suppleri
406 3512 539 3574 delectus,
552 3511 713 3584 Ῑιιιιιιιιιιιιιι
736 3514 836 3571 rideris
852 3516 991 3586 expedire,
1011 3531 1061 3586 ap-
1111 3519 1159 3575 ulii
1173 3520 1231 3591 eius
1247 3534 1278 3575 ae
1291 3518 1401 3589 quidam
1417 3518 1463 3573 alii
1480 3517 1687 3575 suessionensis
1702 3520 1828 3576 dioecesis
1853 3520 1907 3575 lro·

267 3604 411 3675 pellatioue
431 3604 580 3673 postposita
602 3604 732 3671 ordines,
760 3609 925 3663 reatoreudo
948 3622 1060 3679 prorsus
1111 3610 1199 3663 rnirrcs
1224 3607 1382 3663 morrastcrii
1400 3606 1483 3662 nestri
1509 3622 1556 3663 sua
1577 3608 1696 3677 potentia
1719 3610 1908 3679 deprimentes

270 3698 305 3753 ab
326 3696 380 3753 illis
400 3712 448 3761 eos
464 3697 511 3767 tptti
535 3697 568 3753 ad
584 3713 664 3755 uuaur
686 3700 866 3771 camdemque
885 3702 1060 3772 prebendam
1111 3700 1216 3759 carceri
1236 3700 1436 3769 nranciparent,
1457 3709 1485 3755 et
1507 3700 1732 3770 cisiurpoueutes
1746 3703 1907 3758 exactiones

268 3796 362 3845 contra
390 3796 494 3847 statuta
518 3778 651 3846 canonica
682 3791 791 3847 insimul
820 3802 885 3848 sum
906 3794 1059 3864 assumpti,
1113 3792 1257 3857 indebitas,
1268 3792 1464 3862 prata,uiueas
1479 3799 1507 3846 et
1523 3791 1589 3847 alias
1601 3793 1787 3869 possessiones
1798 3802 1908 3850 uestras

269 3877 451 3949 nonobstante
474 3878 692 3937 contradictione
714 3881 934 3940 insufficientium
949 3884 993 3940 rel
1012 3900 1061 3942 co·
1112 3882 1423 3948 inuaderentuiuleuter,
1431 3883 1578 3941 venerabili
1587 3884 1663 3939 fratri
1674 3894 1767 3941 nostro
1776 3886 1908 3956 episcopo

268 3984 329 4023 rum
345 3969 393 4038 qui
405 3968 474 4026 tales
487 3969 588 4038 eligere
600 3970 642 4027 rel
658 3986 800 4029 assumere
812 3986 1059 4047 presumpserunt.
1111 3986 1140 4035 et
1158 3976 1264 4035 dilectis
1287 3978 1351 4031 filiis
1366 3976 1472 4032 decano
1496 3975 1589 4031 Sancti
1615 3976 1771 4035 Frambaldi
1795 3988 1823 4035 ct
1844 3994 1908 4035 ma-

308 4060 407 4115 batum
420 4060 558 4131 Laterani,
575 4079 604 4118 nr
620 4062 690 4120 lion.
706 4064 872 4134 Decembris,
888 4068 1061 4139 pontificatus
1112 4072 1197 4143 pistre
1215 4069 1236 4124 l.
1259 4070 1392 4125 canonico
1420 4067 1617 4125 silvaneetensi
1648 4072 1750 4127 nostris
1778 4073 1909 4129 dedimus

269 4152 678 4224 uostriauuoquartodecimo.
761 4175 767 4184 ·
1112 4160 1212 4217 litteris
1236 4161 1262 4213 in
1284 4158 1418 4213 ruantlatis
1440 4168 1469 4213 ut
1491 4157 1633 4229 prraefatanr
1647 4161 1766 4217 nobilem
1782 4172 1811 4217 et
1824 4162 1907 4229 alios,

601 4246 721 4304 cxxxt.
1112 4254 1260 4309 arrouitionc
1284 4250 1435 4323 praemissa,
1452 4266 1500 4321 per
1524 4268 1666 4309 censuram
1688 4254 1907 4313 ecclesiasticam

466 4350 588 4392 tctosrar
608 4353 669 4395 ιιιιι
689 4357 856 4399 rutucouuu.
1113 4343 1294 4415 appellatione
1305 4352 1407 4398 remota
1418 4345 1611 4413 compellerent
1621 4346 1655 4403 ab
1667 4348 1821 4416 hujusmodi
1835 4364 1908 4421 prae·

309 4428 362 4486 ‘bc
381 4428 501 4486 libertate
514 4436 627 4488 testandi
646 4435 675 4490 in
692 4435 808 4505 fororem
824 4435 1004 4491 ecclenoraru.
1076 4412 1265 4507 Dscrrurptioue
1288 4436 1420 4491 desistere
1449 4448 1488 4502 ot,
1511 4446 1541 4491 ut
1566 4440 1741 4508 tenebantur,
1755 4442 1908 4498 restituere

429 4522 578 4595 (Laterani,
594 4524 699 4582 trNou.
721 4528 899 4601 becerrrbris.)
1113 4539 1255 4601 occupata.
1270 4526 1338 4582 flum
1358 4527 1441 4599 igitur
1456 4529 1536 4591 iidem
1554 4519 1710 4599 predicunt
1731 4534 1851 4591 nobilem
1871 4536 1909 4592 lc·

304 4614 381 4688 (idi)
398 4614 519 4679 Sincere
533 4617 676 4674 charitatis
690 4617 800 4676 affectio
822 4636 904 4690 otram
919 4638 983 4693 erpa
997 4638 1059 4693 per·
1114 4626 1208 4699 gitlure
1218 4622 1385 4687 citavissent,
1399 4630 1427 4677 et
1446 4622 1503 4692 ipsa
1516 4636 1567 4691 pcc
1581 4624 1741 4695 magistrum
1757 4626 1790 4681 ll.
1805 4644 1908 4699 procu·

219 4762 222 4768 .
270 4722 366 4765 serram
379 4717 453 4765 tuam
464 4710 642 4780 perimusuos
656 4711 762 4768 inducit
780 4722 810 4768 ιιι
825 4722 927 4783 quanto
940 4730 1058 4785 propen-
1114 4726 1232 4772 ratoretu
1245 4727 1322 4769 suum
1346 4710 1467 4780 ipsorum
1491 4728 1521 4769 sc
1533 4716 1686 4784 conspectui
1702 4728 1907 4786 praesentasset,

271 4801 328 4857 sius
343 4801 445 4872 repiurn
460 4800 581 4857 celamur
594 4802 737 4868 bonorem,
751 4814 827 4860 tanto
852 4804 995 4863 sollicitius
1010 4808 1059 4863 tibi
1115 4824 1195 4878 super
1205 4805 1321 4862 diversis
1331 4805 1455 4875 capitulis
1468 4815 1497 4861 ct
1509 4808 1628 4877 quaerelis
1638 4824 1698 4880 quae
1710 4810 1735 4865 in
1747 4814 1907 4869 corumdem

272 4892 387 4949 suadere
399 4907 529 4949 curemus
551 4908 586 4950 ue
606 4895 672 4966 quid
699 4910 819 4965 coortam
841 4911 890 4967 per
904 4908 930 4954 te
944 4897 987 4954 uel
1001 4908 1062 4957 tuos
1111 4900 1241 4971 judicium
1256 4898 1392 4953 sententia
1413 4899 1588 4955 continentur
1603 4915 1742 4971 expressae
1761 4904 1826 4961 lrinc
1841 4906 1908 4961 inde

271 4998 337 5055 erpa
350 4994 476 5041 sanctam
491 4986 644 5042 Ecclesiam
659 4987 760 5045 Cirristi
776 5004 903 5059 sponsam
917 5000 962 5046 aut
977 4991 1062 5063 ipsius
1113 4987 1261 5061 propositis
1276 4988 1310 5043 lis
1324 4988 1429 5043 exstitit
1441 4997 1605 5056 contestata,
1628 5000 1657 5048 ιι
1680 4991 1809 5063 legitimis
1830 4996 1908 5051 indu·

271 5077 655 5149 jurainpcoriucauorucnu
672 5096 721 5153 per
741 5084 813 5152 quod
830 5084 855 5139 ei
875 5083 962 5140 ualeat
982 5086 1062 5141 dero·
1114 5084 1164 5139 ciis
1181 5082 1339 5154 assignatis,
1369 5088 1451 5137 testes
1476 5095 1544 5149 otrus
1558 5096 1621 5153 pars
1634 5091 1751 5155 utraque
1777 5087 1909 5155 produxit

273 5169 344 5239 pari,
359 5172 513 5239 praesertim
527 5188 589 5229 curu
612 5173 684 5230 illius
707 5174 806 5231 iuttritu
822 5190 838 5230 a
852 5192 908 5247 quo
926 5178 985 5232 atl
978 5178 1063 5247 ipsius
1114 5174 1196 5231 iidem
1217 5174 1324 5244 judices
1350 5183 1521 5243 receperunt.
1548 5174 1668 5243 Qrtorurn
1688 5180 1907 5249 depositionibus

272 5258 460 5316 defensionem
481 5261 609 5318 Ecclesiae
630 5262 748 5334 gladium
766 5266 921 5335 suscepisti,
937 5270 1060 5322 eamdent
1116 5270 1286 5338 postmodum
1300 5268 1333 5325 dc
1345 5286 1477 5327 consensu
1490 5272 1607 5342 partium
1618 5272 1773 5343 publicatis,
1785 5282 1814 5330 et
1831 5290 1906 5329 com·

273 5352 394 5409 tenearis
409 5354 500 5425 potius
513 5355 667 5411 defensare.
682 5354 756 5411 Sane
770 5357 804 5412 ad
818 5364 939 5413 nostram
954 5359 1063 5415 noveris
1116 5364 1272 5434 petentibus
1286 5364 1410 5421 terminis
1423 5366 1606 5437 disputatione
1627 5367 1730 5439 pluries
1750 5366 1843 5423 ltabita
1857 5382 1906 5423 su-

273 5444 440 5501 audientiam
463 5446 599 5501 referente
618 5447 770 5502 venerabili
795 5446 880 5503 fratre
900 5458 994 5505 nostro
1008 5452 1060 5506 llo·
1116 5471 1165 5526 per
1178 5456 1229 5524 eis,
1247 5459 1354 5517 tandem
1374 5460 1499 5530 partibus
1513 5460 1689 5531 injunxerunt
1702 5470 1732 5515 ut
1746 5474 1810 5515 suas
1833 5458 1905 5513 redi·

274 5534 443 5607 tboarrageusi
455 5537 663 5609 archiepiscopo
672 5537 1060 5609 pecturissequodjostitiarii
1115 5554 1212 5616 gerent
1225 5548 1428 5622 allegationes'
1422 5566 1450 5605 nt
1476 5550 1595 5621 scriptis,
1607 5560 1636 5605 ct
1651 5552 1699 5608 eas
1722 5549 1772 5607 sibi
1786 5548 1904 5605 termino

309 5714 384 5785 (ast)
403 5714 469 5771 l'irle
487 5730 568 5787 supra
595 5717 674 5788 epist.
694 5717 765 5787 ffb,
784 5732 811 5775 et
826 5719 896 5775 infra
913 5720 959 5777 lib.
976 5738 1022 5791 ιιι,
1039 5684 1119 5794 epist.
1137 5722 1170 5777 iti
