4109 6325
198 310 266 368 toll

636 304 839 368 uuuvsuituu
858 308 903 365 ub
922 304 1071 363 decurio
1092 302 1223 361 ιιΟιιΑΝι
1243 296 1382 357 librauit.

1751 290 1820 349 lb'ld

196 422 302 488 dicero.
314 422 435 479 volentes
448 430 539 478 mmett
553 414 699 491 bcrrmnius
711 435 803 480 mum
818 418 880 492 [sic]
893 431 983 490 apere,
998 416 1117 489 apium,
1127 415 1214 472 eidem
1227 410 1429 481 archiepiscopo
1442 422 1490 480 per
1504 406 1605 479 scripta
1621 413 1713 463 nostra
1727 403 1820 461 distri-

187 513 271 569 .sslva
282 515 448 570 contentiosi
463 525 543 584 quam
556 510 658 569 tulitin
670 528 733 570 eum
745 509 908 567 venerabilis
922 509 980 565 lsa-

196 615 239 659 vcr
251 614 345 661 noster
360 603 543 660 Pranestinus
558 605 722 674 episcopus,
738 601 894 673 apostolicae
908 600 980 658 sedis

195 695 320 765 lupmus,
335 702 366 749 ut
385 693 527 749 videantur
543 693 662 765 rigorem
687 690 897 747 mansuetudine
911 699 980 744 tem·

84 820 92 829 -
194 783 414 853 perare,eidem
428 797 477 853 pcr
501 783 603 854 scripta
627 789 721 837 nostra
744 781 869 837 districte
883 780 979 851 praeci·

194 875 294 945 picrsdu
309 875 472 932 mandamus
492 884 534 942 ut,
550 888 636 947 usque
649 875 684 930 ad
695 874 845 945 proximam
859 873 980 929 bomini·

193 980 255 1019 caru
273 963 497 1035 percantabitur
513 963 617 1020 maore
630 962 811 1029 Hierusalem,
827 962 978 1037 personali-

194 1060 236 1109 ter
248 1064 343 1111 nostro
365 1070 397 1111 se
415 1053 574 1126 conspectui
597 1062 776 1126 representet
789 1095 798 1122 ,
811 1070 893 1126 super
905 1068 978 1126 pras·

193 1144 283 1200 anissis
295 1147 421 1203 omnibus
434 1156 463 1202 ct
472 1146 597 1215 pluribus
616 1145 677 1203 aliis
692 1147 814 1217 plenarie
828 1161 977 1217 responsu·

1031 517 1075 565 cte
1089 504 1269 580 precipiendo
1284 503 1444 560 mandamus
1456 509 1496 568 ιιι,
1509 514 1594 569 usque
1610 498 1644 554 ad
1663 495 1816 569 proximam

1031 600 1198 656 bominicam
1207 611 1259 667 qua
1268 592 1524 651 cantabiturbetcrc
1536 588 1717 655 Hierusalem,
1730 599 1779 659 per
1789 599 1820 643 ss

1030 693 1073 749 vel
1107 690 1277 764 responsales
1300 690 1411 745 idoneos
1438 686 1471 743 ad
1495 683 1669 756 praesentiam
1694 688 1818 737 nostram

1030 781 1160 839 secedere
1172 795 1226 836 non
1243 785 1397 851 postponat,
1415 788 1492 834 suam
1508 782 1679 838 ostensums,
1691 770 1715 827 si
1739 776 1820 841 pote·

1030 877 1067 935 rit
1083 877 1275 939 innocentiam,
1288 872 1330 929 vel
1347 871 1426 931 nobis
1439 868 1653 926 salisiactionem
1668 877 1819 936 congruam

1029 970 1211 1040 impensurus.
1223 965 1361 1036 alioquin,
1375 978 1410 1019 ex
1424 970 1489 1017 tunc
1502 974 1533 1016 se
1547 958 1656 1016 noverit
1668 957 1706 1013 'ab
1726 954 1817 1012 obicio

1028 1057 1175 1132 pontilicali
1189 1070 1361 1125 suspensum,
1378 1053 1452 1111 saiva
1469 1051 1603 1109 sententia
1617 1050 1641 1107 si
1654 1064 1736 1119 uuam
1756 1046 1820 1107 vous

1028 1149 1130 1205 iocum
1150 1145 1312 1203 venerabilis
1325 1144 1408 1200 irater
1427 1151 1519 1198 noster
1546 1140 1732 1196 Praenestinus
1744 1139 1819 1212 epis·

193 1236 397 1307 susurronum,
407 1252 441 1294 ex
454 1247 518 1296 tune
530 1252 561 1295 se
571 1239 677 1295 noverit
687 1239 722 1294 ab
732 1236 819 1294 cilicio
829 1236 977 1309 poutvticali
1028 1251 1123 1308 copus,
1138 1235 1291 1308 apostolica
1305 1234 1376 1289 sedis
1390 1232 1504 1302 legatus.
1528 1228 1663 1299 Quocirca
1689 1228 1820 1285 fraterni-

191 1336 222 1383 ct
234 1329 396 1385 sacerdotali
409 1344 584 1401 suspensum.
600 1329 718 1401 ideoque
740 1328 907 1385 fraternitati
923 1340 977 1387 tum
1029 1329 1078 1389 tati
1097 1340 1150 1386 tuae
1163 1344 1211 1401 per
1226 1326 1376 1398 apostolica
1393 1325 1495 1393 scripta
1510 1323 1672 1378 mandamus
1684 1330 1711 1377 et
1725 1322 1818 1377 distri-

192 1421 397 1492 perapostolica
417 1422 519 1491 scripta
531 1422 692 1479 mandamus
704 1430 732 1477 et
745 1421 868 1479 districte
882 1424 977 1493 praeci·
1026 1434 1070 1483 cte
1083 1423 1254 1496 praecipimus
1270 1428 1403 1493 quatenus
1422 1422 1531 1471 nostras
1555 1414 1672 1482 litteras,
1688 1428 1757 1484 quas
1779 1413 1819 1471 ei·

190 1512 280 1581 pimus
294 1523 429 1583 quatenus
444 1511 548 1571 litteras
559 1524 668 1571 nostres
684 1530 774 1585 ,quas
788 1515 877 1571 eidem
894 1514 977 1572 Pata-
1027 1517 1087 1571 dem
1102 1512 1244 1569 bisuntino
1263 1508 1414 1581 dirigimus,
1438 1520 1488 1577 per
1518 1512 1582 1560 tuos
1604 1502 1691 1561 eidem
1714 1503 1819 1560 iaciens

191 1602 280 1659 riensi
293 1603 446 1673 diripimus,
456 1604 507 1676 ipsi
522 1604 626 1663 iaciens
639 1620 688 1678 per
703 1613 766 1663 tuos
780 1607 890 1665 nuutios
905 1624 976 1679 prae·
1026 1607 1138 1664 uuntios
1160 1602 1330 1675 presentari,
1351 1600 1374 1655 si
1403 1598 1473 1655 lorte
1494 1597 1552 1668 ipse
1573 1611 1635 1667 quae
1656 1596 1819 1652 mandamus

190 1694 308 1763 sentari,
320 1698 343 1751 si
353 1694 426 1752 iorte
438 1696 579 1768 ipsequod
594 1701 755 1756 mandamus
767 1715 821 1755 non
834 1701 976 1757 curaverit
1026 1696 1177 1770 neglexerit
1197 1694 1397 1765 adimplerem
1422 1704 1484 1747 eum
1506 1702 1669 1759 suspensum
1683 1702 1733 1759 per
1755 1686 1817 1743 uni·

190 1782 357 1855 adimplere,
375 1794 403 1839 tu
415 1799 477 1839 cum
490 1786 524 1841 ab
538 1786 627 1841 cilicio
647 1786 794 1857 pontibcali
807 1797 836 1843 et
849 1790 975 1845 sacerdo-
990 1756 1012 1811 B
1025 1802 1134 1845 versam
1155 1784 1323 1841 bisuntinam
1346 1781 1512 1853 provinciam
1528 1777 1636 1851 publice
1651 1776 1768 1843 nuubcs,
1789 1784 1817 1831 et

190 1870 239 1927 tali
250 1886 410 1943 suspeosum
422 1888 471 1944 per
482 1875 633 1931 universam
649 1874 893 1949 Salzeburgensem
906 1893 974 1949 pro·
1026 1878 1111 1935 iacias
1123 1878 1210 1948 ipsam
1225 1872 1414 1944 suspensionis
1427 1871 1592 1931 seutentiam
1607 1883 1655 1939 per
1669 1866 1817 1924 districtio·

189 1961 308 2019 vinciam
322 1963 449 2034 nunties,
463 1975 490 2021 et
502 1964 587 2022 iacias
609 1967 695 2036 ipsam
709 1968 898 2038 suspensionis
912 1984 975 2025 seu·
1025 1983 1088 2027 nem
1102 1964 1329 2031 ecclesiasticam,
1344 1964 1523 2038 appellatione
1539 1971 1660 2027 remota,
1676 1961 1817 2019 iuviolabi-

191 2052 304 2107 tentiam
331 2066 381 2124 per
394 2054 592 2113 districtionem
611 2057 839 2128 ecclesiasticam,
855 2059 975 2132 appella·
1030 2062 1094 2118 liter
1107 2057 1258 2117 observari.

190 2147 264 2204 tione
274 2157 391 2217 remota,
404 2148 578 2207 inviolabiter
587 2152 736 2209 observari.
749 2152 873 2221 Qualiter
882 2162 973 2211 autem
1061 2150 1170 2216 Datum,
1180 2159 1207 2203 ut
1219 2165 1311 2221 supro,
1321 2162 1336 2201 v
1347 2147 1416 2205 Nou.
1429 2146 1564 2205 Octobris.

189 2236 218 2292 in
230 2238 410 2311 nepotioipso
426 2241 609 2312 processeris,
627 2242 705 2301 nobis
720 2260 775 2301 non
794 2243 905 2303 differas
920 2246 974 2303 tuis
1061 2242 1196 2313 Scriptum
1219 2250 1256 2295 est
1281 2252 1360 2313 super
1387 2242 1436 2295 boc
1462 2239 1589 2309 proedicto
1613 2236 1810 2310 orclrispisropo

189 2326 288 2385 litteris
303 2329 441 2389 iotiruare.
1021 2334 1101 2405 iusto
1112 2334 1276 2404 promissam
1294 2331 1419 2400 sorvorum.

225 2420 323 2477 batum
338 2420 445 2480 iciietri
463 2437 501 2481 vr.
513 2422 583 2480 Non.
603 2424 725 2493 Octobr„
739 2426 913 2498 pontillcatus
925 2444 975 2487 no·
1364 2422 1469 2479 blillll.

188 2512 238 2567 ⁵³¹⁵
250 2526 321 2570 ³⁰⁰⁰
338 2513 443 2583 ιιῑῦῑθ·
1060 2517 1126 2575 Cum
1139 2518 1173 2574 ab
1193 2516 1245 2573 illis
1265 2514 1421 2588 apostolicus
1439 2515 1496 2571 sedi
1520 2514 1669 2571 discrimen
1697 2511 1814 2571 iulertur

223 2602 358 2674 Scriptum
377 2614 415 2661 est
431 2621 509 2677 super
528 2607 576 2663 bor
594 2610 721 2679 predicto
743 2610 893 2669 Palosicmi
913 2615 970 2685 epi·
1025 2611 1073 2683 qui
1088 2610 1148 2682 ejus
1159 2624 1220 2666 esse
1233 2609 1383 2665 debuerant
1397 2607 1555 2663 defensores
1568 2615 1596 2663 et
1611 2620 1652 2672 se,
1667 2604 1689 2662 si
1703 2616 1814 2661 neccsse

187 2711 275 2766 scopo.

1025 2791 1116 2858 dinem
1130 2789 1284 2847 inducimur
1299 2788 1487 2844 vehementem
1504 2794 1533 2842 et
1549 2786 1584 2843 nd
1599 2786 1743 2843 vindictam
1759 2800 1814 2843 oon

1025 2882 1162 2939 ivrvvuerito
1181 2894 1396 2946 commovemur,
1411 2889 1441 2934 ut
1461 2894 1512 2951 pro
1540 2878 1704 2950 impunitate
1731 2878 1813 2933 unius
1841 2898 1843 2905 ¹

1025 2980 1231 3031 nonassumaut
1260 2971 1399 3028 audaciam
1430 2981 1649 3042 praesumptores,
1665 2980 1693 3025 et
1718 2968 1813 3027 fideles

541 2831 634 2889 uxxt.
648 2853 662 2879 a

431 2959 555 3003 srrscoro
567 2960 732 3005 srueoususr.

222 3054 360 3123 Quantum
382 3056 532 3116 venerabili
553 3058 633 3115 iratri
656 3068 750 3117 nostro
769 3061 912 3122 Bisuutino
927 3081 972 3122 nr·
985 3086 1009 3149 c
1024 3067 1052 3123 in
1062 3064 1203 3121 devotione
1215 3062 1310 3119 lortius
1318 3062 1481 3117 animentur.
1498 3060 1658 3117 andivimus
1671 3061 1811 3132 equidem,

191 3146 367 3220 corepiscopo
388 3150 504 3222 gratiam
521 3148 758 3222 impenderimus,
778 3171 841 3212 cum
858 3156 922 3214 olim
944 3158 972 3215 iu
1024 3171 1115 3219 etnon
1133 3157 1267 3231 potuimus
1285 3171 1339 3214 nou
1358 3153 1464 3226 mirari,
1476 3154 1548 3226 quod
1567 3154 1730 3212 venerabilis
1757 3154 1814 3210 irs·

187 3247 290 3295 nostrae
312 3241 493 3312 promotionis
515 3242 667 3313 primordio
684 3245 824 3304 adsedem
842 3251 973 3319 apostoli-
1025 3263 1067 3310 ter
1077 3257 1170 3308 noster
1187 3247 1324 3320 Spirensis
1339 3247 1493 3318 episcopus,
1508 3245 1643 3301 mandatis
1658 3245 1813 3316 apostolicis

187 3344 248 3384 casn
267 3333 445 3402 accessisset,
462 3343 492 3391 ct
508 3337 626 3407 qualiter
638 3337 726 3409 ipsum
741 3339 767 3394 in
781 3341 869 3410 pratia
882 3351 910 3398 et
925 3342 974 3398 be·
1023 3343 1182 3401 inobediens
1199 3349 1226 3398 et
1248 3337 1358 3396 rebellis
1374 3338 1507 3404 existens,
1528 3335 1734 3408 dispositionem
1764 3349 1813 3391 no·

187 3417 337 3475 nedictione
350 3430 441 3476 nostra
457 3462 465 3489 ,
481 3422 545 3479 licet
559 3435 653 3482 contra
675 3442 738 3483 curn
755 3429 839 3485 multa
852 3429 971 3488 luissent
1024 3443 1110 3492 stram
1137 3431 1271 3506 impedire
1299 3429 1411 3488 molitur
1436 3435 1464 3484 et
1492 3427 1570 3483 uobis
1598 3425 1762 3483 omnimodis
1782 3439 1813 3484 se

187 3511 343 3580 proposita,
355 3511 513 3570 (luxerimus
525 3516 560 3572 ad
573 3531 649 3574 suam
663 3517 813 3575 Ecclesiam
828 3520 973 3575 renrittcu·
1022 3529 1151 3600 opponit3
1170 3533 1301 3598 praeterea
1314 3524 1341 3578 in
1353 3522 1421 3578 duos
1435 3517 1627 3577 decursoribus
1641 3518 1742 3574 nostris
1752 3529 1808 3574 ma·

188 3599 263 3667 ⁶⁰¹⁰,
275 3601 298 3656 δί
313 3602 356 3656 Vll
366 3601 453 3659 fidelis
464 3605 606 3673 existeret,
625 3623 680 3666 ΜΗ
691 3608 825 3679 potuisset
837 3616 891 3665 tam
902 3609 971 3667 ⁰³¹0·
1023 3635 1076 3678 nus
1088 3635 1136 3690 per
1154 3617 1272 3688 seipsum
1291 3613 1415 3685 injiciens
1427 3611 1570 3677 violentas,
1586 3609 1702 3667 alterum
1714 3623 1811 3666 eorum

188 3691 255 3747 ‘¹¹⁰¹'
276 3693 398 3751 ⁰b¹³l¹⁸⁰5
414 3695 483 3767 (45)·
500 3697 553 3756 50⁴¹
580 3698 645 3756 ¹1⁰0*
671 3709 727 3756 ¹³¹⁰
751 3709 871 3772 lemtim
886 3702 973 3759 felicis
1024 3711 1114 3768 adbuc
1138 3709 1241 3766 detinet
1264 3703 1450 3762 carceralibus
1472 3701 1588 3759 vinculis
1614 3701 1812 3770 mancipatum,

187 3783 384 3842 ¹⁰⁰⁰ffl⁸⁵⁰¹lff⁸
405 3786 544 3844 Coelefflbl
563 3804 641 3860 papas
659 3792 868 3863 ιῐῑθιῑθιθθδθιῑδ
886 3794 973 3850 bilbili
1024 3801 1107 3858 alium
1121 3799 1186 3858 lecit
1199 3800 1233 3855 sd
1243 3795 1429 3867 suspendium,
1442 3783 1469 3850 iu
1485 3799 1668 3862 contemptum
1683 3789 1813 3851 Ecclesiae

187 3894 269 3950 quam
283 3890 378 3939 nostro
390 3894 607 3955 proponerentur
621 3887 713 3957 gravia
728 3896 758 3943 et
767 3888 900 3956 enormia,
911 3897 975 3958 post
1024 3891 1164 3959 Romane,
1178 3889 1285 3956 deduci,
1297 3887 1344 3959 qui
1359 3887 1436 3958 quasi
1452 3885 1545 3942 divino
1560 3883 1694 3940 miraculo.
1714 3883 1813 3942 mortis

188 3986 269 4028 soum
281 3975 975 4038 umenrecessumanobisdeterioradeeonostris
1023 3981 1123 4038 dicitur
1146 3979 1296 4054 periculum
1316 3978 1445 4039 evitasse.
1474 3973 1542 4031 Cum
1575 3973 1740 4045 igitur-baro
1757 3989 1810 4030 non

134 4117 138 4126 ,
188 4065 301 4121 auribus
316 4065 497 4134 inculcantur,
512 4084 572 4139 qua
597 4084 647 4125 uec
670 4085 813 4141 possumus
830 4073 973 4128 necdebe·
1024 4075 1103 4132 sinte
1121 4072 1199 4129 uobis
1212 4071 1263 4128 sub
1274 4070 1383 4126 silentio
1398 4065 1649 4136 transcendamus
1663 4074 1812 4122 noscuntur

189 4170 250 4213 mus
263 4157 313 4212 sub
327 4156 438 4216 silentio
450 4159 600 4230 praeterire.
611 4159 746 4217 Praeterea
761 4177 822 4218 cum
836 4164 870 4220 ab
880 4164 975 4221 Eccle·
1025 4163 1052 4218 in
1073 4169 1256 4232 contemptum
1278 4157 1353 4214 sedis
1374 4155 1530 4226 apostolicae
1551 4160 1698 4220 attentata,
1723 4153 1810 4210 eidem

189 4245 230 4302 sia
256 4246 389 4316 Romana,
416 4248 459 4305 cui
482 4258 589 4307 tenetur
604 4250 759 4319 iuramento
781 4251 975 4311 fidelitatisas·
1024 4255 1151 4326 episcopo
1175 4266 1223 4319 per
1248 4249 1351 4318 scripte
1370 4257 1464 4306 nostra
1489 4246 1614 4304 districts
1628 4246 1811 4318 precipiendo

189 4334 307 4404 trictvs,
320 4336 392 4392 nulla
411 4337 536 4393 debuerit
551 4338 659 4395 ratione
675 4339 811 4397 divertere
828 4341 871 4396 vel
888 4343 923 4398 ab
941 4335 976 4400 ea'
1025 4343 1186 4400 mandamus
1199 4349 1240 4410 ut,
1254 4353 1340 4409 osque
1354 4336 1389 4392 ad
1408 4337 1576 4398 bominioam
1589 4351 1641 4408 qua
1657 4336 1812 4398 cantabitur

188 4428 391 4498 quomodolibet
414 4428 581 4496 dissentire,
596 4429 673 4500 ipse,
688 4444 722 4487 ex
733 4432 786 4501 quo
808 4430 833 4486 ei
851 4444 975 4501 patenter
987 4411 1129 4492 1‘iterumn
1142 4413 1309 4488 Hierusalem
1327 4429 1454 4509 proximo
1468 4436 1625 4495 venturam,
1649 4443 1698 4499 per
1714 4442 1744 4486 se
1766 4431 1811 4483 vel

189 4518 308 4576 innotuit
324 4533 405 4590 super
427 4519 764 4591 negotioimperiiuostrae
775 4522 973 4592 beneplacitum
1026 4525 1197 4600 responsales
1207 4525 1319 4580 idoneos
1341 4522 1376 4578 ad
1389 4523 1561 4592 presentiam
1587 4528 1708 4578 nostram
1733 4533 1811 4575 acre·

188 4610 347 4677 voluntatis,
362 4625 415 4666 uon
428 4610 514 4668 solurn
530 4623 560 4668 se
575 4611 627 4684 ipsi
640 4627 775 4684 opponere
789 4629 843 4672 non
854 4619 973 4688 expavit,
1025 4619 1092 4675 dere
1110 4631 1163 4673 non
1183 4621 1338 4686 postponat,
1351 4625 1429 4668 suam
1454 4617 1623 4674 ostensurus,
1646 4607 1668 4664 si
1698 4607 1809 4677 poterit,

189 4701 499 4773 verumetiamnobilem
508 4701 595 4758 virum
604 4701 756 4776 Philippum
764 4704 859 4764 ducem
867 4706 975 4768 Sueriae
1025 4707 1219 4774 innocentiam,
1233 4706 1352 4772 velato.
1377 4712 1405 4757 ot
1421 4719 1502 4773 supro
1526 4715 1608 4772 sapas
1628 4700 1810 4770 impensurus.

190 4791 224 4847 sd
236 4790 418 4865 burgundiam
433 4793 623 4852 devastandam
635 4795 755 4864 deduxit,
767 4807 794 4854 et
806 4799 893 4869 ipsum
915 4810 975 4857 tsn-
1025 4801 1162 4873 Alioquin,
1176 4808 1230 4854 etc.
1252 4797 1279 4850 in
1307 4793 1427 4849 eumdem
1446 4791 1501 4862 scra
1518 4789 1625 4844 modum
1650 4796 1679 4842 ut
1704 4789 1735 4844 iu
1755 4789 1810 4844 illis

190 4899 271 4955 qivans
286 4901 376 4957 regem
391 4885 553 4943 catholicum
563 4887 800 4959 processionaliter
812 4890 840 4946 in
850 4891 973 4950 Ecclesia
1020 4907 1081 4964 pure
1093 4892 1233 4950 mittuntur
1244 4883 1417 4955 liupoucnsi,
1429 4897 1509 4952 usquc
1519 4893 1677 4948 suspensum
1690 4897 1739 4952 per
1750 4883 1811 4936 uni-

191 4976 529 5046 recipienoltisnnvtna‚ei
543 4976 632 5034 iecita
647 4979 975 5053 suistanpuamlegitimo
1021 4995 1129 5038 versam
1159 4978 1323 5050 provinciam
1354 4972 1555 5045 magontinam,
1580 4981 1649 5038 etc,
1667 4989 1749 5044 ιιιιιι
1783 4973 1811 5030 ffb

192 5067 247 5138 regi
263 5067 393 5124 bonorem
407 5077 436 5124 et
452 5067 635 5126 reverentiam
649 5068 783 5126 exhiberi.
801 5069 919 5129 Nuntios
931 5073 974 5130 in·
1021 5071 1111 5142 finem.
1453 5059 1455 5062 ’

1024 2696 1104 2767 iuret,
1117 2712 1252 2771 etpovvere
1271 2696 1398 2768 periculis
1413 2704 1441 2751 et
1454 2696 1606 2760 tormentis,
1626 2697 1653 2752 in
1678 2696 1812 2753 amaritu-
1906 2770 1909 2778 Ι

190 5172 273 5227 snper
284 5166 430 5216 nostmset
441 5157 547 5217 litteras
557 5158 586 5216 in
602 5159 755 5218 civitateac
767 5170 840 5218 term
852 5176 901 5218 soa
913 5164 973 5234 capi

189 5245 339 5314 perminus
357 5256 385 5303 et
399 5245 467 5316 ipse,
477 5245 524 5318 qui
544 5259 605 5304 cese
621 5247 752 5304 debuerat
766 5263 861 5306 eoram
880 5249 975 5308 delen·

190 5349 248 5398 sor,
260 5334 347 5392 iactus
363 5345 405 5392 eet
415 5335 538 5408 publicus
550 5337 689 5400 inimicus.
698 5337 766 5394 Cum
785 5339 869 5412 igitur
879 5355 974 5398 eroes·

191 5441 238 5506 sus
264 5426 417 5497 hujusmodi
446 5427 561 5485 nolimus
587 5427 738 5499 relinquere
765 5429 923 5502 impunitos,
939 5447 974 5490 ne

192 5516 338 5588 impunitas
355 5529 405 5576 sua
428 5519 665 5593 praesumptoribus
689 5527 810 5578 transeat
834 5521 864 5579 ln
881 5537 974 5579 exem·

1057 5158 1168 5226 Datum,
1176 5168 1203 5213 ut
1214 5175 1305 5228 supro.

1062 5250 1193 5322 Scriptum
1214 5258 1253 5307 ert
1271 5265 1349 5320 super
1362 5249 1411 5304 boc
1426 5247 1545 5315 Spirensi
1553 5248 1685 5318 episcopo.

1356 5337 1471 5396 Llililll.

1061 5431 1138 5491 Tecti
1153 5447 1245 5489 somus
1266 5431 1360 5488 dolove
1378 5431 1467 5487 cordis
1491 5431 1655 5486 intrinsecus
1679 5435 1708 5482 et
1731 5422 1808 5495 pravi

1025 5537 1143 5585 murore
1152 5524 1262 5592 turbati,
1276 5523 1358 5594 quod,
1367 5537 1428 5581 curn
1443 5521 1677 5594 blapdeburpensis
1687 5517 1809 5586 Ecclesia

229 5692 285 5768 (bb)
299 5695 423 5772 lidiib.
438 5711 458 5767 ι,
478 5695 556 5770 epist.
576 5695 645 5769 sim
659 5695 707 5756 lib.
722 5713 781 5769 sar,
796 5699 876 5774 epist.
893 5699 954 5771 ιιι,
970 5708 998 5757 ct
1012 5699 1061 5760 lib.
1073 5715 1129 5772 xvv,
1146 5701 1224 5774 epist.
1241 5700 1287 5770 bb,
1307 5697 1368 5756 los.
1431 5769 1436 5775 Ι
1455 5769 1457 5774 ¹
1493 5768 1495 5773 .
