4109 6325
242 363 292 419 25i
679 362 873 421 tnnocsnntt
894 364 926 422 ΙΙΙ
945 368 999 424 ΡΡ.
1019 368 1257 427 ῐὶῖῐΰΕὸΤΟῐὶΰΜ
1276 370 1338 425 ttb.
1362 368 1428 425 xttl.
1825 369 1881 427 252

244 478 361 537 clericos
385 479 532 536 asserendo
557 479 641 533 teucri
671 480 704 532 ml
723 481 929 551 cpiscoporum,
948 484 1037 538 arciri·
1051 488 1073 543 rt
1088 487 1180 540 tentiae
1204 498 1316 556 propter
1335 488 1411 555 ipsas
1429 484 1598 556 suspiciones
1618 486 1769 541 incurreret
1795 486 1881 541 detri-

245 572 435 639 rliaconorum,
447 581 474 626 ct
484 570 782 641 archipresbyterorum
803 573 980 643 burgensium
992 589 1039 630 ac·
1089 585 1221 643 utentum,
1236 590 1287 633 nos
1309 577 1438 647 equitate
1452 583 1565 646 pensata
1589 574 1626 630 ita
1640 574 1767 630 duximus
1788 575 1881 645 provi-

245 666 343 719 cedere
366 662 503 734 synodos,
523 660 815 719 excommunicationis
837 663 879 719 uel
901 663 1037 719 interdicti
1089 667 1218 732 dendum,
1235 675 1339 721 utente
1352 666 1442 721 omnia
1455 666 1609 735 supradicta
1622 665 1754 730 sententia
1772 666 1880 720 anobis

246 768 356 809 serrare
377 752 526 807 sententias
550 754 735 827 promulgatas
749 754 783 808 ab
798 753 849 819 eis,
868 752 1038 823 procuratio·
1088 757 1193 826 prolata
1209 772 1258 827 per
1284 771 1333 812 ros
1358 754 1543 811 exsecutionis
1568 756 1722 810 mandetur.
1745 754 1881 822 Quocirca

246 858 295 900 nes
318 856 424 897 annuas
451 841 591 907 nutritore,
612 859 644 899 ac
669 845 790 916 singulos
810 858 909 899 aureos
933 842 1039 899 soluere
1089 844 1250 900 fraternitati
1265 853 1361 900 restra·
1379 860 1428 915 per
1442 843 1590 913 apostoliea
1604 844 1707 915 scripta
1719 845 1881 899 mandamus

246 932 379 1002 ttmqenst
398 934 649 1003 episcoporxoriter
676 937 839 999 substituto;
857 932 889 988 ad
912 933 1039 988 intentio-
1089 946 1222 1007 qnatenus
1253 936 1415 992 sementiam
1446 939 1532 1009 ipsam
1558 937 1664 993 subiato
1689 936 1882 1007 appellationis

247 1040 307 1080 nem
325 1025 462 1096 propriam
479 1027 660 1082 roborandam
676 1042 758 1096 super
777 1026 872 1095 primis
892 1023 979 1079 tribus
991 1040 1038 1079 ar·
1090 1028 1231 1084 obstaculo
1254 1028 1422 1083 exsecutioni
1446 1029 1618 1094 mandantes,
1635 1028 1742 1082 faciatis
1755 1026 1880 1082 eamdem

246 1117 336 1173 ticulis
355 1112 400 1188 ju‘s
414 1132 571 1182 commune,
596 1117 743 1172 secundum
763 1118 835 1186 quod
857 1117 942 1171 dictos
957 1113 1039 1169 cleri·
1090 1102 1285 1175 inriolabilitct
1309 1119 1463 1195 observari,
1482 1119 1699 1174 contradictores
1716 1132 1765 1186 per
1782 1132 1882 1172 censu-

246 1223 303 1275 cos,
315 1210 386 1264 sicut
401 1209 506 1265 etalios
530 1224 586 1263 sttae
600 1209 743 1274 dioecesis,
757 1209 791 1263 ad
811 1208 937 1277 praedicta
953 1206 1038 1260 teneri
1090 1208 1368 1264 ramecclesiastlcam
1383 1208 1686 1277 compescentesQnod
1696 1208 1719 1261 si
1734 1222 1786 1260 non
1799 1205 1881 1259 anrbo

246 1298 365 1368 dicebat,
382 1316 413 1357 ac
434 1300 505 1371 juris
521 1300 606 1369 ipsius
629 1314 706 1354 usum
727 1300 841 1355 liberum
864 1299 899 1355 ab
916 1298 1038 1367 arrtiqun,
1090 1298 1132 1353 bis
1145 1300 1327 1369 exsequendis
1350 1300 1495 1369 potueritis
1515 1300 1659 1366 interesse,
1673 1297 1742 1353 alter
1759 1308 1880 1352 restrum

247 1399 274 1447 et
288 1407 370 1463 super
381 1401 478 1461 quarto
498 1394 639 1463 antiquam
654 1402 682 1446 et
704 1390 880 1462 approbatam
894 1401 1040 1446 consuetu·
1090 1406 1122 1446 ea
1135 1391 1311 1448 nibilominus
1323 1402 1497 1463 exsequatur.

246 1482 338 1538 dinem
357 1483 507 1555 allegando.
520 1483 558 1537 be
577 1482 676 1553 quibus
691 1482 816 1537 omnibus
835 1496 884 1552 per
895 1482 1040 1552 depositio-
1126 1484 1223 1539 batum
1249 1484 1399 1552 Laterani,
1416 1501 1462 1539 rm
1485 1483 1598 1541 llalend.
1615 1482 1689 1549 licii,
1707 1480 1881 1553 pontiircatns

246 1587 296 1629 nes
315 1574 422 1629 testium
443 1573 524 1629 lldenr
538 1572 638 1629 laetam
653 1586 713 1629 esse
729 1573 846 1627 dicebat.
861 1571 960 1628 Verum
964 1586 1040 1651 pars
1090 1576 1177 1633 notari
1192 1592 1264 1631 anno
1279 1578 1359 1633 tertio
1376 1578 1492 1633 decimo.

247 1667 332 1721 altera
354 1667 494 1738 proposuit
513 1681 547 1722 ex
571 1666 685 1723 adverso
700 1664 853 1736 supradicti
878 1665 1038 1721 monasterii
1459 1664 1515 1719 bx.

248 1758 379 1823 membra,
389 1756 498 1813 sicutct
512 1756 765 1826 ipsumcoenobium
769 1754 939 1827 ,abantiquo
955 1753 1039 1809 luisse
1091 1773 1237 1812 senonense
1261 1772 1386 1814 eruscoeo
1408 1772 1444 1813 er
1469 1771 1611 1811 xacrsrnrs
1632 1771 1765 1812 rrxunrrro
1788 1772 1883 1811 ancer-

247 1847 417 1903 saecularium
448 1848 599 1919 principum
628 1856 654 1902 et
672 1838 855 1902 llon'rauorum
882 1844 1102 1915 pontificum
1046 1826 1077 1881 Β
1097 1862 1239 1903 nracouu
1265 1863 1405 1904 aoesrxno
1430 1864 1465 1903 er
1488 1862 1615 1902 xrcnnsur
1643 1864 1773 1905 canonico
1802 1864 1884 1905 secu·

250 1936 352 1995 Urbani
376 1937 407 2005 ll,
425 1938 565 1995 paschatis
581 1938 612 2004 ll,
627 1936 795 2009 Eugeuiilll,
810 1933 1040 1993 etdlexandrilll
1126 1951 1223 1992 ersusr.

247 2030 395 2102 privilegiis
409 2030 535 2087 libertate
548 2030 661 2096 donata,
676 2040 704 2086 et
716 2030 801 2101 longis
814 2029 957 2085 retroactis
970 2036 1039 2082 tcm-
1392 2026 1429 2081 Dr
1442 2027 1532 2081 eadem
1544 2044 1581 2083 re.

247 2122 357 2192 poribus
372 2122 524 2191 lrnlusmodi
536 2120 620 2178 inisse
641 2122 768 2177 libertate
786 2122 877 2193 gavisa
888 2137 896 2187 ;
908 2120 978 2176 sicut
991 2133 1040 2188 per
1331 2118 1453 2188 (batum,
1469 2128 1498 2173 ut
1512 2119 1540 2173 in
1556 2120 1634 2191 otia.)

248 2215 305 2285 ipsa
326 2214 465 2287 privilegia
486 2216 606 2272 exhibita
619 2229 709 2270 coram
724 2215 812 2277 nobis,
831 2214 1039 2270 acinstrnmcn-
1125 2206 1182 2280 (ιδ)
1201 2208 1336 2263 Suscitata
1365 2222 1448 2277 super
1471 2208 1589 2266 dtr-ersis
1612 2210 1751 2277 articulis,
1767 2218 1838 2276 ete,
1854 2198 1900 2267 irr'

249 2314 305 2361 trun
319 2304 436 2362 Victoris
449 2307 585 2376 quondam
598 2305 881 2376 Brrrqensisepiscopi,
891 2312 918 2359 et
927 2316 1038 2358 suorum
1088 2300 1207 2355 eumdem
1220 2300 1326 2354 modum
1340 2310 1367 2354 ιιι
1392 2300 1419 2355 in
1431 2300 1485 2355 ulia
1500 2311 1740 2372 paterarumque
1754 2302 1883 2359 duximus

248 2396 430 2466 depositiones
441 2396 550 2451 testium
564 2394 709 2452 manifeste
719 2404 845 2452 constare
855 2392 973 2449 dicebat.
985 2391 1040 2448 llos
1091 2388 1291 2459 indulgendam.
1309 2388 1442 2456 Quocirca
1465 2391 1641 2460 praesentium
1664 2391 1741 2447 robis
1764 2389 1883 2447 auctori·

248 2486 330 2555 igitur
342 2488 444 2543 auditis
457 2496 484 2543 et
495 2487 641 2543 intellectis
656 2501 717 2558 qnae
734 2496 849 2557 urnaque
864 2500 927 2555 pars
941 2498 1040 2554 propo-
1091 2489 1145 2535 tate
1158 2481 1319 2537 mandamus
1329 2490 1466 2552 qnatenus
1478 2482 1617 2552 recipiatis
1633 2491 1717 2538 testes
1735 2497 1803 2554 quos
1817 2499 1883 2554 pers

249 2576 306 2632 ertit
318 2593 412 2633 coram
428 2576 516 2643 nobis,
531 2592 614 2647 super
626 2587 742 2647 quatuor
754 2578 901 2647 praemissis
913 2574 1040 2646 capitulis
1091 2573 1249 2628 monasterii
1273 2573 1307 2627 ad
1341 2572 1508 2642 probandam
1536 2574 1769 2644 praescriptionem
1795 2576 1884 2648 legiti-

247 2670 441 2725 monasterinm
458 2668 575 2725 oniense
596 2670 630 2725 de
652 2669 767 2725 consilio
789 2668 903 2724 iratrum
930 2677 1039 2723 nostro·
1089 2678 1173 2731 mam,
1185 2672 1250 2730 etc..
1262 2674 1291 2717 ιιι
1306 2664 1335 2718 ιἰι
1347 2664 1412 2731 otia,
1426 2680 1535 2734 ιιιᾳιιιι
1556 2665 1634 2722 nobis
1648 2666 1754 2737 prolata
1775 2668 1884 2723 sublato

248 2776 309 2816 rum
333 2759 439 2829 lustitia
463 2759 705 2815 condemnavimus
731 2760 868 2832 exigente.
895 2759 1038 2815 Sententia
1090 2757 1278 2829 appellationis
1292 2754 1433 2815 obstaculo
1445 2759 1615 2815 exsecutioni
1636 2760 1792 2825 mandetur,
1805 2758 1884 2829 cnjus

247 2866 315 2909 vero
330 2851 385 2906 lata
402 2858 564 2921 procurator
580 2850 709 2920 praelatus
732 2850 765 2905 ad
788 2850 954 2922 probandam
967 2863 1039 2918 prae·
1089 2848 1290 2905 exsecutionem
1320 2849 1380 2918 tibi,
1401 2849 1488 2906 irater
1508 2849 1700 2917 zamorensis,
1716 2860 1745 2905 et
1768 2864 1885 2905 reuera-

249 2942 436 3013 scriptiouem,
451 2951 506 2996 tarn
522 2956 605 3012 super
625 2950 745 3011 quatuor
763 2942 886 2999 articulis
905 2950 1040 3012 prenota·
1089 2939 1135 2994 bili
1150 2940 1227 2995 iratri
1239 2950 1332 2996 nostro
1342 2940 1505 3011 beqionensi
1522 2944 1650 3013 episcopo
1665 2944 1792 2998 duximus
1804 2956 1884 2998 coru·

249 3033 285 3085 trs
287 3044 382 3099 qnam
396 3030 477 3085 ettam
490 3045 572 3100 anper
584 3030 744 3100 qmbusdam
757 3032 940 3101 decrmrspcst
952 3041 1040 3086 trans-
1090 3030 1260 3087 mittendam.
1291 3030 1421 3088 l‘olumus
1450 3032 1627 3089 nibilominus
1654 3042 1683 3089 et
1720 3035 1885 3088 mandamus

249 3120 385 3176 actionem
406 3119 546 3190 acquisitis
565 3136 581 3175 a
604 3120 786 3185 monasterio,
808 3121 932 3178 ecclesiis
949 3130 976 3176 et
994 3136 1075 3218 co·G
1092 3133 1121 3176 nt
1132 3123 1167 3188 ab
1181 3123 1309 3196 episcopo
1323 3123 1461 3196 recipiatis
1482 3125 1607 3182 idoneam
1634 3124 1788 3181 cautionem
1804 3126 1878 3195 quod

249 3211 351 3268 louis
344 3211 428 3281 rpsius
449 3225 482 3267 ex
498 3211 616 3281 episcopi
630 3223 708 3281 parte
728 3213 828 3281 petitis,
848 3228 963 3282 quarum
975 3230 1041 3269 cen-
1091 3215 1115 3270 si
1137 3215 1330 3271 monasterium
1344 3216 1372 3270 in
1394 3230 1477 3273 causa
1493 3217 1552 3288 ipsa
1574 3230 1623 3287 per
1639 3218 1801 3273 sententiam
1813 3232 1884 3287 prar-

254 3299 582 3359 trorersiamrolebarnus
597 3304 737 3358 sententiae
763 3302 866 3358 calculo
884 3306 1040 3370 terminare,
1092 3306 1217 3374 raluerit,
1233 3310 1435 3379 urrixersaquae
1457 3307 1546 3365 medio
1575 3319 1697 3381 tempore
1715 3313 1801 3381 ipsius
1821 3325 1886 3365 sen·

248 3402 278 3450 et
298 3393 326 3448 iu
340 3407 394 3463 qua
419 3391 508 3450 lucrat
527 3406 619 3448 coram
645 3393 779 3464 iudicibus
797 3394 961 3464 supradictis
976 3410 1042 3449 eon·
1092 3400 1185 3455 tentiae
1197 3402 1341 3456 occasione
1359 3401 1480 3474 percepit
1499 3404 1668 3459 monasterio
1686 3403 1814 3458 restituat
1827 3418 1887 3457 rne-

249 3483 576 3549 clusum,restitutionem
603 3481 629 3537 in
655 3483 791 3554 integrum
816 3484 1043 3539 nominenrona·
1092 3499 1207 3544 rnorato.
1234 3490 1359 3558 Quodsi
1388 3506 1440 3546 non
1461 3507 1574 3561 omnes,
1599 3503 1654 3550 etc.
1680 3493 1733 3549 duo
1762 3502 1885 3548 restrum

248 3572 324 3628 sterii
340 3571 495 3642 postularit
516 3571 550 3626 lit
578 3586 640 3628 cum
664 3586 745 3642 super
766 3573 818 3628 boc
843 3586 934 3627 coram
963 3574 1043 3629 nubis
1093 3596 1136 3645 ea,
1153 3592 1205 3636 ere,

249 3663 346 3719 suxisset
359 3661 514 3732 aliquandiu
536 3661 680 3734 litigatum,
698 3676 747 3717 nos
767 3662 961 3722 deliberatione
976 3679 1043 3734 prac-
1127 3672 1236 3739 barum,
1256 3682 1283 3728 qr
1296 3673 1322 3728 in
1338 3674 1393 3728 alia
1405 3691 1453 3746 per
1465 3685 1558 3732 aarum,

249 3755 352 3820 lrabita,
364 3754 562 3810 restitutionem
574 3755 601 3809 in
617 3754 751 3825 integrum
763 3753 797 3809 ad
808 3755 1041 3825 prescriptionem
1452 3766 1522 3822 Lxx,

249 3831 429 3915 probandam,
442 3851 496 3897 tarn
511 3857 593 3914 super
606 3855 723 3914 quatuor
737 3843 861 3899 articulis
872 3845 1041 3914 praenotatis,
1431 3869 1542 3910 prspere,

250 3949 332 4006 quam
353 3933 436 3990 etiam
452 3947 534 4004 super
554 3935 741 3990 controversia
762 3934 940 3999 decimarum,
954 3935 1041 3990 eidem
1137 3942 1175 3999 De
1189 3944 1292 4014 reporto
1303 3943 1409 4016 rapettoe
1426 3943 1457 4000 s.
1472 3943 1567 4000 llario
1580 3944 1613 3999 de
1629 3943 1723 4000 cartre
1735 3943 1820 4001 Seria.

250 4024 423 4095 procuratori
441 4025 551 4079 nomine
567 4025 724 4081 monasterii
747 4025 874 4080 duximus
899 4024 1044 4096 indulgen·
1184 4035 1290 4109 (quae
1311 4037 1382 4107 apud
1400 4036 1430 4093 s,
1445 4036 1567 4105 pereum,
1587 4053 1614 4092 qv
1633 4037 1693 4092 Kal,
1710 4037 1796 4109 usqe)

251 4115 329 4179 (Ἆπις
345 4113 404 4180 ilbi,
422 4113 507 4170 fralet
521 4113 706 4180 zamorensis,
719 4123 747 4170 el
761 4113 869 4170 (illeclls
882 4114 943 4170 lillis
958 4115 1043 4186 magl-
1128 4120 1195 4182 crim
1211 4129 1239 4182 jn
1253 4142 1335 4182 causa
1350 4140 1410 4196 φη
1424 4127 1496 4182 inter
1510 4127 1678 4198 Burgenseqn
1701 4128 1844 4184 ecclesiam
1859 4137 1889 4185 et

251 4205 317 4262 stris
345 4203 476 4262 llatnicio
496 4205 689 4262 archidiacono
715 4206 846 4263 Toletano
871 4217 900 4263 et
918 4207 1042 4265 lliclmeli
1093 4218 1208 4274 elericos
1220 4218 1328 4273 Sancta
1340 4217 1432 4273 bariae
1445 4219 1895 4290 decastroSorissupcrquibnw

252 4295 386 4353 ⁰²³⁰¹¹l⁰⁰
398 4294 557 4366 ὃθῑθῧὶθῠὸῑ
578 4296 673 4353 dini&
687 4290 901 4384 ndllllskfllleill
920 4299 946 4353 ln
965 4313 1043 4352 [11311-
1093 4311 1156 4365 clam
1181 4309 1346 4366 ecclesiis-et
1370 4310 1452 4366 rebus
1475 4309 1536 4367 aliis
1554 4311 1681 4378 vertitur,
1696 4311 1730 4366 ad
1753 4311 1887 4366 dilectum

252 4387 323 4444 datis
338 4395 368 4441 ut
390 4386 528 4458 recipiatis
547 4396 629 4444 testes
646 4404 716 4459 qnos
735 4405 798 4461 pars
824 4389 983 4445 monasterii
1008 4387 1042 4442 ad
1095 4399 1178 4453 quum
1200 4399 1325 4454 abbatem
1339 4399 1372 4456 qq
1389 4399 1500 4455 [terqua
1513 4407 1540 4454 qr
1559 4389 1678 4471 priorem
1693 4401 1726 4455 (te
1741 4399 1887 4457 corrubiis

252 4476 423 4548 lll⁰b²¹¹l¹²¹⁰
451 4479 681 4547 Plae³⁰l59¹l⁰¹l⁰m
708 4478 857 4550 legitimam
880 4494 962 4550 super
975 4492 1043 4548 (1¹¹²-
1058 4488 1081 4545 b
1094 4489 1194 4546 luerint
1208 4506 1222 4544 a
1235 4491 1299 4546 sede
1312 4491 1461 4560 apostolica
1477 4491 1574 4547 litteras
1593 4493 1757 4561 impetratae,
1770 4492 1820 4561 ipsi
1838 4506 1886 4546 re·

214 4571 220 4587 ·
254 4579 317 4625 tuor
331 4567 453 4626 articulis
478 4569 630 4641 saepedictis
644 4579 672 4626 et
693 4585 775 4643 super
794 4571 913 4642 capitulo
928 4571 1045 4626 decima·
1092 4591 1219 4654 putantes
1230 4583 1414 4639 venerabilem
1439 4581 1554 4638 fratrem
1578 4591 1703 4638 nostrum
1719 4582 1886 4652 burgensem

254 4675 325 4727 rum,
339 4661 381 4718 xel
405 4659 488 4716 etiam
514 4663 658 4733 episcopus
679 4665 712 4720 ad
738 4661 963 4733 interruptionem
981 4677 1044 4733 pro·
1093 4671 1248 4744 episcopum
1267 4681 1473 4738 contumacem,
1489 4673 1517 4727 in
1541 4687 1633 4727 rerum
1654 4673 1801 4743 petitarum
1821 4686 1888 4742 pos·

253 4752 371 4808 baudam
392 4752 504 4809 duxerit
527 4754 741 4826 producendos;
766 4763 793 4812 et
818 4757 841 4812 sl
869 4757 902 4812 de
925 4756 1044 4827 partium
1093 4764 1242 4819 sessionem
1262 4777 1344 4818 cansa
1366 4764 1404 4819 rei
1428 4764 1570 4820 servandas
1594 4772 1701 4834 partem
1721 4763 1888 4819 induxerunt

253 4846 395 4901 uoluntate
419 4849 596 4917 processerit,
611 4863 721 4904 causam
749 4847 836 4920 ipsam
864 4848 1045 4920 appellatione
1094 4853 1355 4910 adversamlerum
1369 4870 1432 4911 cum
1454 4871 1536 4925 super
1562 4857 1723 4911 eorumdem
1745 4870 1886 4926 processu,

256 4944 357 4992 remota
380 4935 433 4993 line
458 4936 549 4994 debito
573 4937 723 4994 terminetis
737 4955 745 5006 ;
761 4939 881 5010 alioquin
897 4937 1043 4995 remittatis
1094 4959 1174 5014 quern
1195 4953 1359 5000 memoratus
1374 4946 1529 5017 episcopus,
1543 4955 1637 5016 utpote
1648 4956 1709 5011 post
1724 4945 1887 5018 appellatio·

254 5027 377 5083 eamdem
397 5027 431 5083 ad
445 5042 495 5084 nos
507 5026 673 5084 sullicienter
687 5028 857 5096 instructam,
872 5028 1044 5101 praefigentes
1094 5033 1268 5089 nemadnos
1290 5032 1411 5108 legitime
1434 5035 1624 5105 interpositam
1653 5044 1888 5102 attentatunr,re·
1968 5090 1972 5094 a

254 5119 379 5191 partibus
389 5120 534 5176 terminum
550 5129 749 5192 competentem
764 5137 818 5194 quo
832 5129 925 5179 nostro
939 5136 969 5178 se
980 5135 1046 5176 con-
1094 5124 1185 5179 uocari
1200 5125 1317 5194 petebat,
1330 5124 1501 5195 interipsum
1516 5139 1579 5182 er...
1591 5124 1678 5194 partis
1689 5123 1810 5179 adversae
1822 5135 1889 5191 pro-

256 5211 361 5282 spectui
385 5223 580 5283 representem
594 5216 757 5270 sententiam
772 5216 855 5284 dante
870 5214 983 5268 bomine
1002 5227 1046 5266 re-
1095 5224 1247 5272 curatorem
1268 5217 1364 5272 luisset
1382 5217 1409 5272 iu
1425 5227 1517 5273 nostra
1537 5217 1683 5286 presentia
1706 5215 1811 5271 diutius
1831 5213 1889 5269 llti·

256 5302 437 5373 septeredo
452 5317 516 5358 nero
544 5318 594 5372 per
614 5304 796 5373 excogitatam
818 5301 961 5366 malitiam,
975 5301 1047 5356 sicut
1095 5313 1206 5376 gatum,
1235 5305 1324 5360 taliter
1351 5307 1403 5361 luit
1424 5308 1532 5362 demum
1558 5320 1574 5361 a
1598 5305 1677 5362 nobie
1706 5305 1740 5361 do
1764 5307 1887 5376 ipsortuu

256 5406 290 5448 ex
302 5391 464 5463 quibusdam
479 5391 877 5463 praesumptionibus'pluribus
890 5389 1044 5459 videbatur,
1095 5395 1232 5452 rolurume
1248 5398 1396 5468 prouisum,
1414 5406 1443 5452 ut
1462 5404 1517 5452 tam
1537 5412 1620 5468 super
1641 5397 1777 5453 dictarum
1793 5410 1888 5453 rernm

257 5479 383 5537 ellectum
408 5479 549 5538 sententie
559 5481 586 5535 iu
600 5481 728 5536 damnum
743 5481 864 5553 episcopi
877 5480 1046 5552 contingeret
1095 5488 1215 5542 narnium
1239 5489 1411 5559 possessione
1438 5505 1520 5560 quam
1545 5489 1628 5545 etiam
1656 5490 1801 5557 sumtibus,
1817 5507 1889 5564 quor

258 5569 393 5642 impediri,
410 5587 478 5628 neve
491 5573 685 5628 monasterium
698 5589 747 5643 per
767 5571 969 5630 exsecutionem
984 5589 1032 5630 sun
1096 5593 1167 5634 nunc
1190 5586 1304 5648 possunt
1318 5579 1384 5636 dicti
1405 5579 1497 5636 clerici
1524 5579 1679 5648 restituere,
1694 5581 1809 5652 prelato
1828 5583 1888 5655 epi·

297 5745 355 5818 (ιθ)
375 5737 440 5818 Cap.
459 5744 602 5816 sarcitum,
617 5747 656 5805 lle
675 5748 701 5806 in
722 5751 770 5808 lnt.
788 5753 904 5811 restitut.
