<?xml version="1.0" encoding="UTF-8"?>
<!DOCTYPE html PUBLIC "-//W3C//DTD XHTML 1.0 Transitional//EN"
    "http://www.w3.org/TR/xhtml1/DTD/xhtml1-transitional.dtd">
<html xmlns="http://www.w3.org/1999/xhtml" xml:lang="en" lang="en">
 <head>
  <title>
</title>
<meta http-equiv="Content-Type" content="text/html;charset=utf-8" />
  <meta name='ocr-system' content='tesseract 3.04.00' />
  <meta name='ocr-capabilities' content='ocr_page ocr_carea ocr_par ocr_line ocrx_word'/>
</head>
<body>
  <div class='ocr_page' id='page_1' title='image "./patrologiaecurs00berngoog/patrologiaecurs00berngoog_0148.png"; bbox 0 0 4109 6325; ppageno 0'>
   <div class='ocr_carea' id='block_1_1' title="bbox 245 314 1888 393">
    <p class='ocr_par' dir='ltr' id='par_1_1' title="bbox 245 314 1888 393">
     <span class='ocr_line' id='line_1_1' title="bbox 245 314 1888 393; baseline -0.007 -8"><span class='ocrx_word' id='word_1_1' title='bbox 245 324 299 385; x_wconf 58' lang='grc' dir='ltr'>ἥδ</span> <span class='ocrx_word' id='word_1_2' title='bbox 690 316 886 379; x_wconf 74' lang='lat' dir='ltr'>inhocehttt</span> <span class='ocrx_word' id='word_1_3' title='bbox 904 318 938 375; x_wconf 92' lang='lat' dir='ltr'>lll</span> <span class='ocrx_word' id='word_1_4' title='bbox 958 318 1009 375; x_wconf 85' lang='lat' dir='ltr'>PP.</span> <span class='ocrx_word' id='word_1_5' title='bbox 1030 314 1265 376; x_wconf 77' lang='lat' dir='ltr'>hunestonbtt</span> <span class='ocrx_word' id='word_1_6' title='bbox 1284 316 1348 393; x_wconf 72' lang='lat' dir='ltr'>tto,</span> <span class='ocrx_word' id='word_1_7' title='bbox 1368 314 1439 374; x_wconf 75' lang='lat' dir='ltr'>stttt</span> <span class='ocrx_word' id='word_1_8' title='bbox 1830 316 1888 373; x_wconf 64' lang='grc' dir='ltr'><strong>Μ</strong></span> 
     </span>
    </p>
   </div>
   <div class='ocr_carea' id='block_1_2' title="bbox 244 432 1887 877">
    <p class='ocr_par' dir='ltr' id='par_1_2' title="bbox 244 432 1887 792">
     <span class='ocr_line' id='line_1_2' title="bbox 244 432 1887 522; baseline -0.009 -17"><span class='ocrx_word' id='word_1_9' title='bbox 244 448 391 522; x_wconf 89' lang='lat' dir='ltr'>partiatum</span> <span class='ocrx_word' id='word_1_10' title='bbox 411 446 566 503; x_wconf 77' lang='lat' dir='ltr'>instantiam</span> <span class='ocrx_word' id='word_1_11' title='bbox 581 458 641 497; x_wconf 90' lang='lat' dir='ltr'>eam</span> <span class='ocrx_word' id='word_1_12' title='bbox 664 442 828 497; x_wconf 78' lang='lat' dir='ltr'>bannierant</span> <span class='ocrx_word' id='word_1_13' title='bbox 838 440 1033 505; x_wconf 87' lang='lat' dir='ltr'>llavenrtates,</span> <span class='ocrx_word' id='word_1_14' title='bbox 1048 437 1072 495; x_wconf 87' lang='grc' dir='ltr'><strong>Α</strong></span> <span class='ocrx_word' id='word_1_15' title='bbox 1087 435 1137 489; x_wconf 92' lang='lat' dir='ltr'>sub</span> <span class='ocrx_word' id='word_1_16' title='bbox 1150 434 1222 491; x_wconf 87' lang='lat' dir='ltr'>beati</span> <span class='ocrx_word' id='word_1_17' title='bbox 1235 434 1308 491; x_wconf 85' lang='lat' dir='ltr'>Petri</span> <span class='ocrx_word' id='word_1_18' title='bbox 1324 443 1352 490; x_wconf 91' lang='lat' dir='ltr'>et</span> <span class='ocrx_word' id='word_1_19' title='bbox 1365 440 1457 489; x_wconf 84' lang='lat' dir='ltr'>nostra</span> <span class='ocrx_word' id='word_1_20' title='bbox 1481 433 1651 502; x_wconf 86' lang='lat' dir='ltr'>protectione</span> <span class='ocrx_word' id='word_1_21' title='bbox 1665 432 1829 504; x_wconf 87' lang='lat' dir='ltr'>suscipimus</span> <span class='ocrx_word' id='word_1_22' title='bbox 1855 445 1887 491; x_wconf 90' lang='lat' dir='ltr'>ct</span> 
     </span>
     <span class='ocr_line' id='line_1_3' title="bbox 244 524 1885 612; baseline -0.008 -15"><span class='ocrx_word' id='word_1_23' title='bbox 244 540 328 612; x_wconf 89' lang='lat' dir='ltr'>etqui</span> <span class='ocrx_word' id='word_1_24' title='bbox 350 536 522 593; x_wconf 74' lang='lat' dir='ltr'>venabantur</span> <span class='ocrx_word' id='word_1_25' title='bbox 542 534 569 587; x_wconf 93' lang='lat' dir='ltr'>in</span> <span class='ocrx_word' id='word_1_26' title='bbox 590 533 648 603; x_wconf 91' lang='lat' dir='ltr'>ipsa</span> <span class='ocrx_word' id='word_1_27' title='bbox 669 532 819 588; x_wconf 75' lang='lat' dir='ltr'>reddebant</span> <span class='ocrx_word' id='word_1_28' title='bbox 842 530 930 586; x_wconf 92' lang='lat' dir='ltr'>eidem</span> <span class='ocrx_word' id='word_1_29' title='bbox 955 529 1035 584; x_wconf 91' lang='lat' dir='ltr'>annis</span> <span class='ocrx_word' id='word_1_30' title='bbox 1087 526 1230 597; x_wconf 80' lang='lat' dir='ltr'>praesentis</span> <span class='ocrx_word' id='word_1_31' title='bbox 1261 528 1354 599; x_wconf 89' lang='lat' dir='ltr'>scripti</span> <span class='ocrx_word' id='word_1_32' title='bbox 1386 526 1537 598; x_wconf 88' lang='lat' dir='ltr'>patrocinio</span> <span class='ocrx_word' id='word_1_33' title='bbox 1571 525 1782 583; x_wconf 91' lang='lat' dir='ltr'>communimus.</span> <span class='ocrx_word' id='word_1_34' title='bbox 1811 524 1885 585; x_wconf 83' lang='lat' dir='ltr'>liulli</span> 
     </span>
     <span class='ocr_line' id='line_1_4' title="bbox 244 614 1887 702; baseline -0.009 -15"><span class='ocrx_word' id='word_1_35' title='bbox 244 630 358 702; x_wconf 78' lang='lat' dir='ltr'>singulis</span> <span class='ocrx_word' id='word_1_36' title='bbox 368 627 479 697; x_wconf 82' lang='lat' dir='ltr'>spallam</span> <span class='ocrx_word' id='word_1_37' title='bbox 495 624 582 696; x_wconf 87' lang='lat' dir='ltr'>porci,</span> <span class='ocrx_word' id='word_1_38' title='bbox 595 631 623 682; x_wconf 86' lang='lat' dir='ltr'>et</span> <span class='ocrx_word' id='word_1_39' title='bbox 634 622 751 679; x_wconf 89' lang='lat' dir='ltr'>cultores</span> <span class='ocrx_word' id='word_1_40' title='bbox 763 636 889 693; x_wconf 81' lang='lat' dir='ltr'>agrorum</span> <span class='ocrx_word' id='word_1_41' title='bbox 901 620 1034 684; x_wconf 78' lang='lat' dir='ltr'>decimae,</span> <span class='ocrx_word' id='word_1_42' title='bbox 1086 634 1162 689; x_wconf 81' lang='lat' dir='ltr'>ergo,</span> <span class='ocrx_word' id='word_1_43' title='bbox 1177 629 1242 685; x_wconf 67' lang='lat' dir='ltr'>otc,</span> <span class='ocrx_word' id='word_1_44' title='bbox 1256 620 1327 674; x_wconf 89' lang='lat' dir='ltr'>hane</span> <span class='ocrx_word' id='word_1_45' title='bbox 1336 618 1461 691; x_wconf 77' lang='lat' dir='ltr'>paginam</span> <span class='ocrx_word' id='word_1_46' title='bbox 1473 627 1572 673; x_wconf 72' lang='lat' dir='ltr'>nostre</span> <span class='ocrx_word' id='word_1_47' title='bbox 1584 615 1772 689; x_wconf 86' lang='lat' dir='ltr'>protectionis,</span> <span class='ocrx_word' id='word_1_48' title='bbox 1788 614 1887 673; x_wconf 78' lang='lat' dir='ltr'>inirin-</span> 
     </span>
     <span class='ocr_line' id='line_1_5' title="bbox 244 709 1617 792; baseline -0.008 -16"><span class='ocrx_word' id='word_1_49' title='bbox 244 730 272 777; x_wconf 91' lang='lat' dir='ltr'>ct</span> <span class='ocrx_word' id='word_1_50' title='bbox 283 734 392 792; x_wconf 78' lang='lat' dir='ltr'>yreyum</span> <span class='ocrx_word' id='word_1_51' title='bbox 409 723 533 788; x_wconf 90' lang='lat' dir='ltr'>pastores</span> <span class='ocrx_word' id='word_1_52' title='bbox 543 722 632 771; x_wconf 88' lang='lat' dir='ltr'>certos</span> <span class='ocrx_word' id='word_1_53' title='bbox 645 712 766 768; x_wconf 90' lang='lat' dir='ltr'>redditus</span> <span class='ocrx_word' id='word_1_54' title='bbox 779 710 966 768; x_wconf 81' lang='lat' dir='ltr'>exsolvebant.</span> <span class='ocrx_word' id='word_1_55' title='bbox 977 709 1035 765; x_wconf 80' lang='lat' dir='ltr'>Ad·</span> <span class='ocrx_word' id='word_1_56' title='bbox 1086 710 1200 781; x_wconf 75' lang='lat' dir='ltr'>qrrerel</span> <span class='ocrx_word' id='word_1_57' title='bbox 1211 711 1246 775; x_wconf 84' lang='lat' dir='ltr'>ei,</span> <span class='ocrx_word' id='word_1_58' title='bbox 1259 718 1324 777; x_wconf 83' lang='lat' dir='ltr'>ete,</span> <span class='ocrx_word' id='word_1_59' title='bbox 1336 723 1418 781; x_wconf 79' lang='lat' dir='ltr'>eaque</span> <span class='ocrx_word' id='word_1_60' title='bbox 1432 711 1617 765; x_wconf 88' lang='lat' dir='ltr'>incursurum.</span> 
     </span>
    </p>

    <p class='ocr_par' dir='ltr' id='par_1_3' title="bbox 244 798 1886 877">
     <span class='ocr_line' id='line_1_6' title="bbox 244 798 1886 877; baseline -0.009 -8"><span class='ocrx_word' id='word_1_61' title='bbox 244 812 326 869; x_wconf 89' lang='lat' dir='ltr'>debat</span> <span class='ocrx_word' id='word_1_62' title='bbox 340 808 422 865; x_wconf 89' lang='lat' dir='ltr'>etiarn</span> <span class='ocrx_word' id='word_1_63' title='bbox 441 822 506 877; x_wconf 90' lang='lat' dir='ltr'>pars</span> <span class='ocrx_word' id='word_1_64' title='bbox 531 806 684 861; x_wconf 87' lang='lat' dir='ltr'>eommunis</span> <span class='ocrx_word' id='word_1_65' title='bbox 702 804 850 876; x_wconf 90' lang='lat' dir='ltr'>quodcum</span> <span class='ocrx_word' id='word_1_66' title='bbox 873 810 966 873; x_wconf 89' lang='lat' dir='ltr'>partes</span> <span class='ocrx_word' id='word_1_67' title='bbox 991 800 1036 856; x_wconf 92' lang='lat' dir='ltr'>in·</span> <span class='ocrx_word' id='word_1_68' title='bbox 1123 801 1218 854; x_wconf 87' lang='lat' dir='ltr'>[iatum</span> <span class='ocrx_word' id='word_1_69' title='bbox 1239 798 1376 868; x_wconf 83' lang='lat' dir='ltr'>Laterani,</span> <span class='ocrx_word' id='word_1_70' title='bbox 1395 815 1425 854; x_wconf 90' lang='lat' dir='ltr'>tu</span> <span class='ocrx_word' id='word_1_71' title='bbox 1445 798 1535 854; x_wconf 86' lang='lat' dir='ltr'>Nonas</span> <span class='ocrx_word' id='word_1_72' title='bbox 1554 798 1629 866; x_wconf 83' lang='lat' dir='ltr'>tutti,</span> <span class='ocrx_word' id='word_1_73' title='bbox 1650 812 1721 857; x_wconf 86' lang='lat' dir='ltr'>anno</span> <span class='ocrx_word' id='word_1_74' title='bbox 1735 798 1817 855; x_wconf 89' lang='lat' dir='ltr'>lertio</span> <span class='ocrx_word' id='word_1_75' title='bbox 1836 798 1886 856; x_wconf 89' lang='lat' dir='ltr'>de-</span> 
     </span>
    </p>
   </div>
   <div class='ocr_carea' id='block_1_3' title="bbox 245 878 1166 967">
    <p class='ocr_par' dir='ltr' id='par_1_4' title="bbox 245 878 1166 967">
     <span class='ocr_line' id='line_1_7' title="bbox 245 878 1166 967; baseline -0.014 -9"><span class='ocrx_word' id='word_1_76' title='bbox 245 904 390 959; x_wconf 87' lang='lat' dir='ltr'>tentionem</span> <span class='ocrx_word' id='word_1_77' title='bbox 411 914 488 954; x_wconf 89' lang='lat' dir='ltr'>suam</span> <span class='ocrx_word' id='word_1_78' title='bbox 514 898 680 953; x_wconf 90' lang='lat' dir='ltr'>strliicienter</span> <span class='ocrx_word' id='word_1_79' title='bbox 700 897 827 967; x_wconf 86' lang='lat' dir='ltr'>utrinqne</span> <span class='ocrx_word' id='word_1_80' title='bbox 853 894 1034 964; x_wconf 76' lang='lat' dir='ltr'>fundassent,</span> <span class='ocrx_word' id='word_1_81' title='bbox 1086 878 1166 947; x_wconf 84' lang='lat' dir='ltr'>cinto.</span> 
     </span>
    </p>
   </div>
   <div class='ocr_carea' id='block_1_4' title="bbox 238 992 1038 1345">
    <p class='ocr_par' dir='ltr' id='par_1_5' title="bbox 238 992 1038 1345">
     <span class='ocr_line' id='line_1_8' title="bbox 243 992 1036 1071; baseline -0.009 -18"><span class='ocrx_word' id='word_1_82' title='bbox 243 1008 387 1071; x_wconf 87' lang='lat' dir='ltr'>utramque</span> <span class='ocrx_word' id='word_1_83' title='bbox 400 1007 569 1069; x_wconf 82' lang='lat' dir='ltr'>poteramus,</span> <span class='ocrx_word' id='word_1_84' title='bbox 583 996 637 1051; x_wconf 93' lang='lat' dir='ltr'>imo</span> <span class='ocrx_word' id='word_1_85' title='bbox 650 995 814 1051; x_wconf 82' lang='lat' dir='ltr'>debebamus</span> <span class='ocrx_word' id='word_1_86' title='bbox 827 995 854 1049; x_wconf 94' lang='lat' dir='ltr'>in</span> <span class='ocrx_word' id='word_1_87' title='bbox 870 1008 919 1049; x_wconf 90' lang='lat' dir='ltr'>sua</span> <span class='ocrx_word' id='word_1_88' title='bbox 931 992 964 1049; x_wconf 90' lang='lat' dir='ltr'>de</span> <span class='ocrx_word' id='word_1_89' title='bbox 972 992 1036 1063; x_wconf 87' lang='lat' dir='ltr'>jure</span> 
     </span>
     <span class='ocr_line' id='line_1_9' title="bbox 243 1085 1038 1161; baseline -0.005 -18"><span class='ocrx_word' id='word_1_90' title='bbox 243 1092 415 1161; x_wconf 79' lang='lat' dir='ltr'>ymssessiono</span> <span class='ocrx_word' id='word_1_91' title='bbox 430 1089 497 1144; x_wconf 90' lang='lat' dir='ltr'>tueri</span> <span class='ocrx_word' id='word_1_92' title='bbox 512 1104 573 1143; x_wconf 93' lang='lat' dir='ltr'>cum</span> <span class='ocrx_word' id='word_1_93' title='bbox 588 1088 645 1157; x_wconf 81' lang='lat' dir='ltr'>(ld)</span> <span class='ocrx_word' id='word_1_94' title='bbox 663 1094 767 1142; x_wconf 89' lang='lat' dir='ltr'>tautam</span> <span class='ocrx_word' id='word_1_95' title='bbox 783 1100 841 1143; x_wconf 88' lang='lat' dir='ltr'>rent</span> <span class='ocrx_word' id='word_1_96' title='bbox 858 1085 958 1141; x_wconf 86' lang='lat' dir='ltr'>diversi</span> <span class='ocrx_word' id='word_1_97' title='bbox 974 1100 1038 1153; x_wconf 93' lang='lat' dir='ltr'>pos·</span> 
     </span>
     <span class='ocr_line' id='line_1_10' title="bbox 241 1174 1036 1252; baseline -0.001 -18"><span class='ocrx_word' id='word_1_98' title='bbox 241 1190 302 1235; x_wconf 90' lang='lat' dir='ltr'>sent</span> <span class='ocrx_word' id='word_1_99' title='bbox 315 1183 403 1252; x_wconf 88' lang='lat' dir='ltr'>quoad</span> <span class='ocrx_word' id='word_1_100' title='bbox 427 1180 548 1235; x_wconf 85' lang='lat' dir='ltr'>diuersos</span> <span class='ocrx_word' id='word_1_101' title='bbox 562 1193 626 1234; x_wconf 88' lang='lat' dir='ltr'>usus</span> <span class='ocrx_word' id='word_1_102' title='bbox 639 1187 666 1233; x_wconf 92' lang='lat' dir='ltr'>et</span> <span class='ocrx_word' id='word_1_103' title='bbox 683 1179 775 1233; x_wconf 84' lang='lat' dir='ltr'>varios</span> <span class='ocrx_word' id='word_1_104' title='bbox 798 1178 950 1248; x_wconf 89' lang='lat' dir='ltr'>possidere.</span> <span class='ocrx_word' id='word_1_105' title='bbox 979 1174 1036 1233; x_wconf 86' lang='lat' dir='ltr'>Nos</span> 
     </span>
     <span class='ocr_line' id='line_1_11' title="bbox 238 1270 1037 1345; baseline -0.005 -19"><span class='ocrx_word' id='word_1_106' title='bbox 238 1273 556 1345; x_wconf 81' lang='lat' dir='ltr'>iqiturattestationibus</span> <span class='ocrx_word' id='word_1_107' title='bbox 577 1271 721 1341; x_wconf 74' lang='lat' dir='ltr'>diligenter</span> <span class='ocrx_word' id='word_1_108' title='bbox 738 1270 879 1340; x_wconf 89' lang='lat' dir='ltr'>inspectis,</span> <span class='ocrx_word' id='word_1_109' title='bbox 901 1270 1037 1325; x_wconf 80' lang='lat' dir='ltr'>intellexi·</span> 
     </span>
    </p>
   </div>
   <div class='ocr_carea' id='block_1_5' title="bbox 1086 983 1863 1333">
    <p class='ocr_par' dir='ltr' id='par_1_6' title="bbox 1086 983 1863 1333">
     <span class='ocr_line' id='line_1_12' title="bbox 1423 983 1540 1041; baseline -0.009 -1"><span class='ocrx_word' id='word_1_110' title='bbox 1423 983 1540 1041; x_wconf 78' lang='lat' dir='ltr'>xcvttl.</span> 
     </span>
     <span class='ocr_line' id='line_1_13' title="bbox 1159 1088 1811 1135; baseline 0.009 -6"><span class='ocrx_word' id='word_1_111' title='bbox 1159 1088 1282 1132; x_wconf 77' lang='lat' dir='ltr'>ttnos‘rnt</span> <span class='ocrx_word' id='word_1_112' title='bbox 1301 1091 1621 1134; x_wconf 75' lang='lat' dir='ltr'>cossannrtnorottsnso</span> <span class='ocrx_word' id='word_1_113' title='bbox 1636 1093 1811 1135; x_wconf 82' lang='lat' dir='ltr'>tursntrottt.</span> 
     </span>
     <span class='ocr_line' id='line_1_14' title="bbox 1086 1168 1863 1242; baseline 0.009 -20"><span class='ocrx_word' id='word_1_114' title='bbox 1086 1168 1137 1223; x_wconf 84' lang='lat' dir='ltr'>&#39;De</span> <span class='ocrx_word' id='word_1_115' title='bbox 1146 1168 1227 1224; x_wconf 87' lang='lat' dir='ltr'>libero</span> <span class='ocrx_word' id='word_1_116' title='bbox 1239 1180 1367 1240; x_wconf 82' lang='lat' dir='ltr'>potestate</span> <span class='ocrx_word' id='word_1_117' title='bbox 1381 1170 1495 1225; x_wconf 82' lang='lat' dir='ltr'>testandi</span> <span class='ocrx_word' id='word_1_118' title='bbox 1510 1172 1538 1225; x_wconf 90' lang='lat' dir='ltr'>in</span> <span class='ocrx_word' id='word_1_119' title='bbox 1551 1170 1667 1242; x_wconf 65' lang='lat' dir='ltr'>furorem</span> <span class='ocrx_word' id='word_1_120' title='bbox 1679 1172 1863 1229; x_wconf 85' lang='lat' dir='ltr'>ecclesiarum.</span> 
     </span>
     <span class='ocr_line' id='line_1_15' title="bbox 1292 1258 1680 1333; baseline -0.005 -16"><span class='ocrx_word' id='word_1_121' title='bbox 1292 1262 1443 1332; x_wconf 83' lang='lat' dir='ltr'>(Laterani,</span> <span class='ocrx_word' id='word_1_122' title='bbox 1464 1278 1489 1317; x_wconf 82' lang='lat' dir='ltr'>tt</span> <span class='ocrx_word' id='word_1_123' title='bbox 1510 1261 1572 1319; x_wconf 90' lang='lat' dir='ltr'>ldtts</span> <span class='ocrx_word' id='word_1_124' title='bbox 1592 1258 1680 1333; x_wconf 78' lang='lat' dir='ltr'>iniit.)</span> 
     </span>
    </p>
   </div>
   <div class='ocr_carea' id='block_1_6' title="bbox 242 1354 1884 1806">
    <p class='ocr_par' dir='ltr' id='par_1_7' title="bbox 242 1354 1884 1806">
     <span class='ocr_line' id='line_1_16' title="bbox 244 1354 1884 1440; baseline -0.003 -23"><span class='ocrx_word' id='word_1_125' title='bbox 244 1382 303 1419; x_wconf 79' lang='lat' dir='ltr'>rrius</span> <span class='ocrx_word' id='word_1_126' title='bbox 319 1367 390 1431; x_wconf 87' lang='lat' dir='ltr'>quod</span> <span class='ocrx_word' id='word_1_127' title='bbox 404 1363 597 1419; x_wconf 82' lang='lat' dir='ltr'>irretrasterium</span> <span class='ocrx_word' id='word_1_128' title='bbox 611 1378 660 1434; x_wconf 90' lang='lat' dir='ltr'>per</span> <span class='ocrx_word' id='word_1_129' title='bbox 675 1372 760 1417; x_wconf 82' lang='lat' dir='ltr'>testes</span> <span class='ocrx_word' id='word_1_130' title='bbox 774 1363 866 1433; x_wconf 88' lang='lat' dir='ltr'>plures</span> <span class='ocrx_word' id='word_1_131' title='bbox 880 1378 993 1417; x_wconf 87' lang='lat' dir='ltr'>numero</span> <span class='ocrx_word' id='word_1_132' title='bbox 1008 1370 1037 1417; x_wconf 90' lang='lat' dir='ltr'>et</span> <span class='ocrx_word' id='word_1_133' title='bbox 1124 1356 1180 1425; x_wconf 84' lang='lat' dir='ltr'>(ll)</span> <span class='ocrx_word' id='word_1_134' title='bbox 1206 1354 1324 1410; x_wconf 85' lang='lat' dir='ltr'>Grarenr</span> <span class='ocrx_word' id='word_1_135' title='bbox 1353 1354 1548 1410; x_wconf 78' lang='lat' dir='ltr'>uenerabilium</span> <span class='ocrx_word' id='word_1_136' title='bbox 1582 1355 1709 1440; x_wconf 76' lang='lat' dir='ltr'>fratrum</span> <span class='ocrx_word' id='word_1_137' title='bbox 1726 1365 1884 1411; x_wconf 89' lang='lat' dir='ltr'>nostrornm</span> 
     </span>
     <span class='ocr_line' id='line_1_17' title="bbox 242 1447 1883 1527; baseline -0.004 -18"><span class='ocrx_word' id='word_1_138' title='bbox 242 1459 348 1527; x_wconf 87' lang='lat' dir='ltr'>aptiora</span> <span class='ocrx_word' id='word_1_139' title='bbox 374 1459 484 1527; x_wconf 71' lang='lat' dir='ltr'>negotio</span> <span class='ocrx_word' id='word_1_140' title='bbox 502 1466 530 1513; x_wconf 89' lang='lat' dir='ltr'>et</span> <span class='ocrx_word' id='word_1_141' title='bbox 558 1472 623 1513; x_wconf 81' lang='lat' dir='ltr'>sero</span> <span class='ocrx_word' id='word_1_142' title='bbox 647 1456 813 1527; x_wconf 80' lang='lat' dir='ltr'>proximiora</span> <span class='ocrx_word' id='word_1_143' title='bbox 836 1456 863 1509; x_wconf 92' lang='lat' dir='ltr'>in</span> <span class='ocrx_word' id='word_1_144' title='bbox 877 1456 935 1510; x_wconf 90' lang='lat' dir='ltr'>suis</span> <span class='ocrx_word' id='word_1_145' title='bbox 955 1454 1037 1525; x_wconf 90' lang='lat' dir='ltr'>depo·</span> <span class='ocrx_word' id='word_1_146' title='bbox 1087 1447 1357 1519; x_wconf 80' lang='lat' dir='ltr'>archiepiscoporum</span> <span class='ocrx_word' id='word_1_147' title='bbox 1373 1456 1414 1523; x_wconf 23' lang='lat' dir='ltr'>&#39;et</span> <span class='ocrx_word' id='word_1_148' title='bbox 1441 1447 1601 1503; x_wconf 85' lang='lat' dir='ltr'>dilectorum</span> <span class='ocrx_word' id='word_1_149' title='bbox 1625 1449 1883 1509; x_wconf 75' lang='lat' dir='ltr'>hlinrumalinrnm</span> 
     </span>
     <span class='ocr_line' id='line_1_18' title="bbox 242 1536 1884 1621; baseline -0.007 -19"><span class='ocrx_word' id='word_1_150' title='bbox 242 1551 387 1605; x_wconf 86' lang='lat' dir='ltr'>sitionihus</span> <span class='ocrx_word' id='word_1_151' title='bbox 397 1560 582 1620; x_wconf 82' lang='lat' dir='ltr'>exprimentes</span> <span class='ocrx_word' id='word_1_152' title='bbox 607 1550 806 1621; x_wconf 88' lang='lat' dir='ltr'>possessionem</span> <span class='ocrx_word' id='word_1_153' title='bbox 822 1549 920 1619; x_wconf 74' lang='lat' dir='ltr'>pinetae</span> <span class='ocrx_word' id='word_1_154' title='bbox 945 1562 1037 1617; x_wconf 87' lang='lat' dir='ltr'>respo·</span> <span class='ocrx_word' id='word_1_155' title='bbox 1088 1539 1261 1607; x_wconf 67' lang='lat' dir='ltr'>praelatorttm</span> <span class='ocrx_word' id='word_1_156' title='bbox 1278 1537 1384 1605; x_wconf 77' lang='lat' dir='ltr'>imperii</span> <span class='ocrx_word' id='word_1_157' title='bbox 1402 1536 1442 1592; x_wconf 87' lang='lat' dir='ltr'>tui</span> <span class='ocrx_word' id='word_1_158' title='bbox 1458 1538 1611 1609; x_wconf 66' lang='lat' dir='ltr'>recepimus</span> <span class='ocrx_word' id='word_1_159' title='bbox 1623 1539 1794 1608; x_wconf 81' lang='lat' dir='ltr'>questionem</span> <span class='ocrx_word' id='word_1_160' title='bbox 1809 1541 1884 1609; x_wconf 89' lang='lat' dir='ltr'>quod</span> 
     </span>
     <span class='ocr_line' id='line_1_19' title="bbox 242 1624 1882 1716; baseline -0.002 -34"><span class='ocrx_word' id='word_1_161' title='bbox 242 1656 287 1701; x_wconf 60' lang='grc' dir='ltr'>ω,</span> <span class='ocrx_word' id='word_1_162' title='bbox 301 1646 430 1715; x_wconf 57' lang='lat' dir='ltr'>¹„qu</span> <span class='ocrx_word' id='word_1_163' title='bbox 443 1645 572 1716; x_wconf 53' lang='lat' dir='ltr'>,emporis</span> <span class='ocrx_word' id='word_1_164' title='bbox 585 1654 614 1699; x_wconf 53' lang='grc' dir='ltr'>ει</span> <span class='ocrx_word' id='word_1_165' title='bbox 629 1644 772 1714; x_wconf 51' lang='lat' dir='ltr'>„mesenus</span> <span class='ocrx_word' id='word_1_166' title='bbox 785 1643 939 1699; x_wconf 55' lang='lat' dir='ltr'>,videmnus</span> <span class='ocrx_word' id='word_1_167' title='bbox 949 1652 976 1697; x_wconf 50' lang='grc' dir='ltr'>ει</span> <span class='ocrx_word' id='word_1_168' title='bbox 988 1658 1037 1712; x_wconf 64' lang='lat' dir='ltr'>ge.</span> <span class='ocrx_word' id='word_1_169' title='bbox 1087 1635 1116 1681; x_wconf 91' lang='lat' dir='ltr'>tu</span> <span class='ocrx_word' id='word_1_170' title='bbox 1138 1635 1167 1680; x_wconf 88' lang='lat' dir='ltr'>et</span> <span class='ocrx_word' id='word_1_171' title='bbox 1191 1627 1308 1681; x_wconf 89' lang='lat' dir='ltr'>barones</span> <span class='ocrx_word' id='word_1_172' title='bbox 1323 1624 1359 1679; x_wconf 93' lang='lat' dir='ltr'>tui</span> <span class='ocrx_word' id='word_1_173' title='bbox 1373 1624 1399 1678; x_wconf 91' lang='lat' dir='ltr'>in</span> <span class='ocrx_word' id='word_1_174' title='bbox 1414 1639 1508 1679; x_wconf 92' lang='lat' dir='ltr'>eorum</span> <span class='ocrx_word' id='word_1_175' title='bbox 1524 1624 1665 1681; x_wconf 87' lang='lat' dir='ltr'>inhibuisti</span> <span class='ocrx_word' id='word_1_176' title='bbox 1690 1626 1882 1705; x_wconf 70' lang='lat' dir='ltr'>gratissimum</span> 
     </span>
     <span class='ocr_line' id='line_1_20' title="bbox 243 1718 1882 1806; baseline 0.001 -16"><span class='ocrx_word' id='word_1_177' title='bbox 243 1738 362 1791; x_wconf 88' lang='lat' dir='ltr'>ueralins</span> <span class='ocrx_word' id='word_1_178' title='bbox 376 1736 546 1801; x_wconf 87' lang='lat' dir='ltr'>ostendebat,</span> <span class='ocrx_word' id='word_1_179' title='bbox 555 1743 583 1790; x_wconf 92' lang='lat' dir='ltr'>et</span> <span class='ocrx_word' id='word_1_180' title='bbox 597 1752 658 1791; x_wconf 92' lang='lat' dir='ltr'>eum</span> <span class='ocrx_word' id='word_1_181' title='bbox 669 1751 718 1805; x_wconf 88' lang='lat' dir='ltr'>per</span> <span class='ocrx_word' id='word_1_182' title='bbox 730 1734 869 1806; x_wconf 77' lang='lat' dir='ltr'>privilegia</span> <span class='ocrx_word' id='word_1_183' title='bbox 881 1735 1036 1790; x_wconf 90' lang='lat' dir='ltr'>tantarehi·</span> <span class='ocrx_word' id='word_1_184' title='bbox 1087 1718 1283 1773; x_wconf 55' lang='lat' dir='ltr'>(liminium</span> <span class='ocrx_word' id='word_1_185' title='bbox 1299 1735 1333 1775; x_wconf 71' lang='lat'>¹¹0</span> <span class='ocrx_word' id='word_1_186' title='bbox 1346 1721 1408 1791; x_wconf 65' lang='lat' dir='ltr'>h¹¹l⁸</span> <span class='ocrx_word' id='word_1_187' title='bbox 1424 1719 1458 1775; x_wconf 72' lang='lat'>¹¹⁰</span> <span class='ocrx_word' id='word_1_188' title='bbox 1472 1719 1690 1791; x_wconf 61' lang='lat' dir='ltr'>l⁰⁵³⁰⁵⁵³⁰¹¹5b¹¹⁸</span> <span class='ocrx_word' id='word_1_189' title='bbox 1707 1720 1765 1774; x_wconf 62' lang='lat' dir='ltr'>⁵¹¹ss</span> <span class='ocrx_word' id='word_1_190' title='bbox 1785 1720 1811 1773; x_wconf 61' lang='lat'>¹¹¹</span> <span class='ocrx_word' id='word_1_191' title='bbox 1826 1718 1882 1773; x_wconf 52' lang='lat'>*3¹³</span> 
     </span>
    </p>
   </div>
   <div class='ocr_carea' id='block_1_7' title="bbox 242 1803 1884 1901">
    <p class='ocr_par' dir='ltr' id='par_1_8' title="bbox 242 1803 1884 1901">
     <span class='ocr_line' id='line_1_21' title="bbox 242 1803 1884 1901; baseline 0.002 -37"><span class='ocrx_word' id='word_1_192' title='bbox 242 1832 431 1901; x_wconf 56' lang='lat' dir='ltr'>epyscoporum</span> <span class='ocrx_word' id='word_1_193' title='bbox 445 1829 613 1886; x_wconf 53' lang='lat' dir='ltr'>Ravennatis</span> <span class='ocrx_word' id='word_1_194' title='bbox 629 1828 758 1885; x_wconf 53' lang='lat' dir='ltr'>pontesia,</span> <span class='ocrx_word' id='word_1_195' title='bbox 775 1844 857 1899; x_wconf 64' lang='lat' dir='ltr'>quam</span> <span class='ocrx_word' id='word_1_196' title='bbox 875 1828 1034 1898; x_wconf 65' lang='lat' dir='ltr'>ponuqcum</span> <span class='ocrx_word' id='word_1_197' title='bbox 1051 1803 1136 1866; x_wconf 80' lang='lat' dir='ltr'>Baua</span> <span class='ocrx_word' id='word_1_198' title='bbox 1155 1811 1290 1877; x_wconf 88' lang='lat' dir='ltr'>eottlerat,</span> <span class='ocrx_word' id='word_1_199' title='bbox 1301 1812 1343 1867; x_wconf 81' lang='lat' dir='ltr'>rel</span> <span class='ocrx_word' id='word_1_200' title='bbox 1361 1814 1386 1866; x_wconf 92' lang='lat' dir='ltr'>in</span> <span class='ocrx_word' id='word_1_201' title='bbox 1402 1822 1526 1869; x_wconf 82' lang='lat' dir='ltr'>extremo</span> <span class='ocrx_word' id='word_1_202' title='bbox 1544 1812 1660 1868; x_wconf 89' lang='lat' dir='ltr'>articulo</span> <span class='ocrx_word' id='word_1_203' title='bbox 1681 1814 1781 1868; x_wconf 88' lang='lat' dir='ltr'>enudat</span> <span class='ocrx_word' id='word_1_204' title='bbox 1794 1813 1884 1868; x_wconf 86' lang='lat' dir='ltr'>eccle·</span> 
     </span>
    </p>
   </div>
   <div class='ocr_carea' id='block_1_8' title="bbox 185 1919 1037 2729">
    <p class='ocr_par' dir='ltr' id='par_1_9' title="bbox 239 1919 1036 2177">
     <span class='ocr_line' id='line_1_22' title="bbox 243 1919 1036 1994; baseline -0.004 -16"><span class='ocrx_word' id='word_1_205' title='bbox 243 1925 427 1979; x_wconf 84' lang='lat' dir='ltr'>homanorum</span> <span class='ocrx_word' id='word_1_206' title='bbox 440 1923 525 1994; x_wconf 82' lang='lat' dir='ltr'>ipsam</span> <span class='ocrx_word' id='word_1_207' title='bbox 540 1923 574 1977; x_wconf 88' lang='lat' dir='ltr'>arl</span> <span class='ocrx_word' id='word_1_208' title='bbox 588 1938 618 1979; x_wconf 91' lang='lat' dir='ltr'>se</span> <span class='ocrx_word' id='word_1_209' title='bbox 633 1924 769 1993; x_wconf 87' lang='lat' dir='ltr'>pertinere</span> <span class='ocrx_word' id='word_1_210' title='bbox 782 1929 958 1985; x_wconf 87' lang='lat' dir='ltr'>monstraret,</span> <span class='ocrx_word' id='word_1_211' title='bbox 968 1919 1036 1975; x_wconf 90' lang='lat' dir='ltr'>illud</span> 
     </span>
     <span class='ocr_line' id='line_1_23' title="bbox 239 2011 1036 2084; baseline -0.006 -14"><span class='ocrx_word' id='word_1_212' title='bbox 239 2016 313 2084; x_wconf 81' lang='lat' dir='ltr'>juste</span> <span class='ocrx_word' id='word_1_213' title='bbox 325 2014 480 2083; x_wconf 81' lang='lat' dir='ltr'>possedisse</span> <span class='ocrx_word' id='word_1_214' title='bbox 496 2015 648 2079; x_wconf 85' lang='lat' dir='ltr'>constabat,</span> <span class='ocrx_word' id='word_1_215' title='bbox 666 2024 694 2069; x_wconf 92' lang='lat' dir='ltr'>et</span> <span class='ocrx_word' id='word_1_216' title='bbox 707 2028 861 2080; x_wconf 90' lang='lat' dir='ltr'>commune,</span> <span class='ocrx_word' id='word_1_217' title='bbox 888 2014 959 2083; x_wconf 92' lang='lat' dir='ltr'>quod</span> <span class='ocrx_word' id='word_1_218' title='bbox 976 2011 1036 2065; x_wconf 92' lang='lat' dir='ltr'>nul-</span> 
     </span>
     <span class='ocr_line' id='line_1_24' title="bbox 242 2101 1034 2177; baseline -0.006 -18"><span class='ocrx_word' id='word_1_219' title='bbox 242 2104 297 2160; x_wconf 89' lang='lat' dir='ltr'>lum</span> <span class='ocrx_word' id='word_1_220' title='bbox 321 2120 377 2160; x_wconf 79' lang='lat' dir='ltr'>suae</span> <span class='ocrx_word' id='word_1_221' title='bbox 390 2103 570 2174; x_wconf 83' lang='lat' dir='ltr'>possessionis</span> <span class='ocrx_word' id='word_1_222' title='bbox 583 2103 746 2177; x_wconf 73' lang='lat' dir='ltr'>ostendebat</span> <span class='ocrx_word' id='word_1_223' title='bbox 760 2102 877 2171; x_wconf 93' lang='lat' dir='ltr'>titulum,</span> <span class='ocrx_word' id='word_1_224' title='bbox 892 2102 982 2171; x_wconf 89' lang='lat' dir='ltr'>aliqua</span> <span class='ocrx_word' id='word_1_225' title='bbox 1007 2101 1034 2155; x_wconf 92' lang='lat' dir='ltr'>iu</span> 
     </span>
    </p>

    <p class='ocr_par' dir='ltr' id='par_1_10' title="bbox 185 2190 1037 2729">
     <span class='ocr_line' id='line_1_25' title="bbox 241 2190 1036 2264; baseline -0.009 -15"><span class='ocrx_word' id='word_1_226' title='bbox 241 2196 336 2251; x_wconf 87' lang='lat' dir='ltr'>eadent</span> <span class='ocrx_word' id='word_1_227' title='bbox 352 2204 446 2252; x_wconf 89' lang='lat' dir='ltr'>eontra</span> <span class='ocrx_word' id='word_1_228' title='bbox 465 2192 599 2263; x_wconf 78' lang='lat' dir='ltr'>justitiam</span> <span class='ocrx_word' id='word_1_229' title='bbox 621 2210 669 2264; x_wconf 90' lang='lat' dir='ltr'>prr</span> <span class='ocrx_word' id='word_1_230' title='bbox 696 2192 902 2263; x_wconf 86' lang='lat' dir='ltr'>impressionem</span> <span class='ocrx_word' id='word_1_231' title='bbox 926 2190 967 2244; x_wconf 78' lang='lat' dir='ltr'>rei</span> <span class='ocrx_word' id='word_1_232' title='bbox 987 2205 1036 2261; x_wconf 88' lang='lat' dir='ltr'>po·</span> 
     </span>
     <span class='ocr_line' id='line_1_26' title="bbox 185 2270 1035 2357; baseline -0.009 -14"><span class='ocrx_word' id='word_1_233' title='bbox 185 2270 189 2277; x_wconf 44' lang='lat'>⁸</span> <span class='ocrx_word' id='word_1_234' title='bbox 243 2288 356 2345; x_wconf 88' lang='lat' dir='ltr'>tentiam</span> <span class='ocrx_word' id='word_1_235' title='bbox 371 2302 530 2357; x_wconf 88' lang='lat' dir='ltr'>usurpasse,</span> <span class='ocrx_word' id='word_1_236' title='bbox 547 2301 609 2341; x_wconf 91' lang='lat' dir='ltr'>eunt</span> <span class='ocrx_word' id='word_1_237' title='bbox 626 2286 751 2339; x_wconf 66' lang='lat' dir='ltr'>erundem</span> <span class='ocrx_word' id='word_1_238' title='bbox 777 2300 834 2339; x_wconf 89' lang='lat' dir='ltr'>rem</span> <span class='ocrx_word' id='word_1_239' title='bbox 855 2298 907 2337; x_wconf 93' lang='lat' dir='ltr'>nou</span> <span class='ocrx_word' id='word_1_240' title='bbox 930 2283 1035 2351; x_wconf 89' lang='lat' dir='ltr'>possint</span> 
     </span>
     <span class='ocr_line' id='line_1_27' title="bbox 242 2372 1035 2445; baseline -0.01 -10"><span class='ocrx_word' id='word_1_241' title='bbox 242 2382 340 2435; x_wconf 77' lang='lat' dir='ltr'>diuersi</span> <span class='ocrx_word' id='word_1_242' title='bbox 357 2379 451 2434; x_wconf 89' lang='lat' dir='ltr'>eodem</span> <span class='ocrx_word' id='word_1_243' title='bbox 465 2379 542 2434; x_wconf 85' lang='lat' dir='ltr'>niodo</span> <span class='ocrx_word' id='word_1_244' title='bbox 556 2376 706 2433; x_wconf 91' lang='lat' dir='ltr'>insolidum</span> <span class='ocrx_word' id='word_1_245' title='bbox 719 2375 867 2445; x_wconf 88' lang='lat' dir='ltr'>possidere.</span> <span class='ocrx_word' id='word_1_246' title='bbox 881 2372 961 2429; x_wconf 87' lang='lat' dir='ltr'>llnde.</span> <span class='ocrx_word' id='word_1_247' title='bbox 973 2388 1035 2429; x_wconf 89' lang='lat' dir='ltr'>cnm</span> 
     </span>
     <span class='ocr_line' id='line_1_28' title="bbox 241 2467 1036 2548; baseline -0.011 -17"><span class='ocrx_word' id='word_1_248' title='bbox 241 2474 419 2548; x_wconf 91' lang='lat' dir='ltr'>probationes</span> <span class='ocrx_word' id='word_1_249' title='bbox 440 2470 600 2527; x_wconf 86' lang='lat' dir='ltr'>rnouasterii</span> <span class='ocrx_word' id='word_1_250' title='bbox 620 2470 771 2525; x_wconf 77' lang='lat' dir='ltr'>existerent</span> <span class='ocrx_word' id='word_1_251' title='bbox 795 2467 926 2538; x_wconf 89' lang='lat' dir='ltr'>potiores,</span> <span class='ocrx_word' id='word_1_252' title='bbox 945 2475 972 2521; x_wconf 90' lang='lat' dir='ltr'>et</span> <span class='ocrx_word' id='word_1_253' title='bbox 995 2467 1036 2522; x_wconf 88' lang='lat' dir='ltr'>sie</span> 
     </span>
     <span class='ocr_line' id='line_1_29' title="bbox 241 2554 1035 2634; baseline -0.014 -15"><span class='ocrx_word' id='word_1_254' title='bbox 241 2578 291 2634; x_wconf 89' lang='lat' dir='ltr'>per</span> <span class='ocrx_word' id='word_1_255' title='bbox 305 2560 525 2632; x_wconf 87' lang='lat' dir='ltr'>consequentiam</span> <span class='ocrx_word' id='word_1_256' title='bbox 537 2560 623 2627; x_wconf 93' lang='lat' dir='ltr'>ipsunt</span> <span class='ocrx_word' id='word_1_257' title='bbox 637 2572 699 2613; x_wconf 88' lang='lat' dir='ltr'>esse</span> <span class='ocrx_word' id='word_1_258' title='bbox 708 2557 735 2611; x_wconf 89' lang='lat' dir='ltr'>in</span> <span class='ocrx_word' id='word_1_259' title='bbox 754 2556 898 2614; x_wconf 87' lang='lat' dir='ltr'>interdicte</span> <span class='ocrx_word' id='word_1_260' title='bbox 909 2554 1035 2625; x_wconf 87' lang='lat' dir='ltr'>superius</span> 
     </span>
     <span class='ocr_line' id='line_1_30' title="bbox 240 2650 1037 2729; baseline -0.01 -18"><span class='ocrx_word' id='word_1_261' title='bbox 240 2669 404 2729; x_wconf 74' lang='lat' dir='ltr'>yconomum</span> <span class='ocrx_word' id='word_1_262' title='bbox 431 2652 584 2708; x_wconf 89' lang='lat' dir='ltr'>enrnmnnis</span> <span class='ocrx_word' id='word_1_263' title='bbox 616 2650 752 2707; x_wconf 78' lang='lat' dir='ltr'>harenae</span> <span class='ocrx_word' id='word_1_264' title='bbox 781 2662 914 2723; x_wconf 79' lang='lat' dir='ltr'>yconomo</span> <span class='ocrx_word' id='word_1_265' title='bbox 941 2662 1037 2704; x_wconf 92' lang='lat' dir='ltr'>mona·</span> 
     </span>
    </p>
   </div>
   <div class='ocr_carea' id='block_1_9' title="bbox 242 2740 1068 2817">
    <p class='ocr_par' dir='ltr' id='par_1_11' title="bbox 242 2740 1068 2817">
     <span class='ocr_line' id='line_1_31' title="bbox 242 2740 1068 2817; baseline -0.011 -14"><span class='ocrx_word' id='word_1_266' title='bbox 242 2748 318 2803; x_wconf 88' lang='lat' dir='ltr'>sterii</span> <span class='ocrx_word' id='word_1_267' title='bbox 332 2760 413 2817; x_wconf 89' lang='lat' dir='ltr'>snper</span> <span class='ocrx_word' id='word_1_268' title='bbox 427 2744 521 2799; x_wconf 87' lang='lat' dir='ltr'>eadent</span> <span class='ocrx_word' id='word_1_269' title='bbox 544 2742 652 2811; x_wconf 88' lang='lat' dir='ltr'>pineta,</span> <span class='ocrx_word' id='word_1_270' title='bbox 677 2753 808 2807; x_wconf 89' lang='lat' dir='ltr'>quantum</span> <span class='ocrx_word' id='word_1_271' title='bbox 840 2742 874 2797; x_wconf 87' lang='lat' dir='ltr'>ad</span> <span class='ocrx_word' id='word_1_272' title='bbox 896 2753 1035 2810; x_wconf 88' lang='lat' dir='ltr'>possesso·</span> <span class='ocrx_word' id='word_1_273' title='bbox 1063 2740 1068 2747; x_wconf 83' lang='lat'>&#39;</span> 
     </span>
    </p>
   </div>
   <div class='ocr_carea' id='block_1_10' title="bbox 243 2830 1035 3103">
    <p class='ocr_par' dir='ltr' id='par_1_12' title="bbox 243 2830 1035 3103">
     <span class='ocr_line' id='line_1_32' title="bbox 243 2830 1034 2903; baseline -0.011 -10"><span class='ocrx_word' id='word_1_274' title='bbox 243 2839 327 2903; x_wconf 89' lang='lat' dir='ltr'>rium,</span> <span class='ocrx_word' id='word_1_275' title='bbox 345 2835 519 2891; x_wconf 85' lang='lat' dir='ltr'>decrevimus</span> <span class='ocrx_word' id='word_1_276' title='bbox 537 2834 771 2889; x_wconf 89' lang='lat' dir='ltr'>condemnandum</span> <span class='ocrx_word' id='word_1_277' title='bbox 792 2841 821 2887; x_wconf 91' lang='lat' dir='ltr'>et</span> <span class='ocrx_word' id='word_1_278' title='bbox 843 2830 1034 2903; x_wconf 90' lang='lat' dir='ltr'>imponendum</span> 
     </span>
     <span class='ocr_line' id='line_1_33' title="bbox 243 2924 1035 3002; baseline -0.009 -17"><span class='ocrx_word' id='word_1_279' title='bbox 243 2940 402 3002; x_wconf 90' lang='lat' dir='ltr'>perpetuum</span> <span class='ocrx_word' id='word_1_280' title='bbox 427 2928 565 2983; x_wconf 91' lang='lat' dir='ltr'>silentium</span> <span class='ocrx_word' id='word_1_281' title='bbox 586 2941 720 2999; x_wconf 82' lang='lat' dir='ltr'>yconomo</span> <span class='ocrx_word' id='word_1_282' title='bbox 746 2924 912 2989; x_wconf 85' lang='lat' dir='ltr'>Rauennati,</span> <span class='ocrx_word' id='word_1_283' title='bbox 928 2932 956 2991; x_wconf 82' lang='lat' dir='ltr'>et</span> <span class='ocrx_word' id='word_1_284' title='bbox 972 2939 1035 2995; x_wconf 90' lang='lat' dir='ltr'>pro·</span> 
     </span>
     <span class='ocr_line' id='line_1_34' title="bbox 243 3019 1035 3103; baseline -0.004 -25"><span class='ocrx_word' id='word_1_285' title='bbox 243 3022 389 3079; x_wconf 90' lang='lat' dir='ltr'>hibendum</span> <span class='ocrx_word' id='word_1_286' title='bbox 409 3020 496 3077; x_wconf 90' lang='lat' dir='ltr'>eidem</span> <span class='ocrx_word' id='word_1_287' title='bbox 509 3036 543 3075; x_wconf 91' lang='lat' dir='ltr'>ne</span> <span class='ocrx_word' id='word_1_288' title='bbox 555 3020 749 3103; x_wconf 85' lang='lat' dir='ltr'>monasterium</span> <span class='ocrx_word' id='word_1_289' title='bbox 760 3019 934 3090; x_wconf 78' lang='lat' dir='ltr'>sepedictum</span> <span class='ocrx_word' id='word_1_290' title='bbox 951 3033 1035 3089; x_wconf 87' lang='lat' dir='ltr'>super</span> 
     </span>
    </p>
   </div>
   <div class='ocr_carea' id='block_1_11' title="bbox 1087 1896 1886 2603">
    <p class='ocr_par' dir='ltr' id='par_1_13' title="bbox 1087 1896 1886 2443">
     <span class='ocr_line' id='line_1_35' title="bbox 1087 1896 1882 1973; baseline 0.005 -18"><span class='ocrx_word' id='word_1_291' title='bbox 1087 1902 1136 1956; x_wconf 86' lang='lat' dir='ltr'>siis</span> <span class='ocrx_word' id='word_1_292' title='bbox 1145 1896 1352 1958; x_wconf 82' lang='lat' dir='ltr'>testamentum.</span> <span class='ocrx_word' id='word_1_293' title='bbox 1369 1901 1437 1958; x_wconf 86' lang='lat' dir='ltr'>Cum</span> <span class='ocrx_word' id='word_1_294' title='bbox 1453 1904 1536 1973; x_wconf 75' lang='lat' dir='ltr'>igitur</span> <span class='ocrx_word' id='word_1_295' title='bbox 1557 1918 1592 1959; x_wconf 83' lang='lat' dir='ltr'>ex</span> <span class='ocrx_word' id='word_1_296' title='bbox 1607 1903 1769 1961; x_wconf 84' lang='lat' dir='ltr'>inhibitione</span> <span class='ocrx_word' id='word_1_297' title='bbox 1783 1904 1882 1972; x_wconf 80' lang='lat' dir='ltr'>lntjrrs·</span> 
     </span>
     <span class='ocr_line' id='line_1_36' title="bbox 1087 1994 1886 2064; baseline 0.003 -15"><span class='ocrx_word' id='word_1_298' title='bbox 1087 1994 1158 2049; x_wconf 92' lang='lat' dir='ltr'>ntodi</span> <span class='ocrx_word' id='word_1_299' title='bbox 1178 2002 1205 2049; x_wconf 92' lang='lat' dir='ltr'>et</span> <span class='ocrx_word' id='word_1_300' title='bbox 1220 1995 1397 2049; x_wconf 88' lang='lat' dir='ltr'>ecclesiarum</span> <span class='ocrx_word' id='word_1_301' title='bbox 1417 1995 1588 2064; x_wconf 87' lang='lat' dir='ltr'>dispendium</span> <span class='ocrx_word' id='word_1_302' title='bbox 1604 2003 1633 2050; x_wconf 91' lang='lat' dir='ltr'>et</span> <span class='ocrx_word' id='word_1_303' title='bbox 1646 1995 1827 2051; x_wconf 82' lang='lat' dir='ltr'>inhibentium</span> <span class='ocrx_word' id='word_1_304' title='bbox 1842 1998 1886 2052; x_wconf 89' lang='lat' dir='ltr'>in·</span> 
     </span>
     <span class='ocr_line' id='line_1_37' title="bbox 1088 2086 1885 2155; baseline 0 -14"><span class='ocrx_word' id='word_1_305' title='bbox 1088 2086 1185 2141; x_wconf 85' lang='lat' dir='ltr'>teritus</span> <span class='ocrx_word' id='word_1_306' title='bbox 1200 2097 1374 2155; x_wconf 86' lang='lat' dir='ltr'>procuretur,</span> <span class='ocrx_word' id='word_1_307' title='bbox 1386 2088 1576 2144; x_wconf 80' lang='lat' dir='ltr'>excellentiam</span> <span class='ocrx_word' id='word_1_308' title='bbox 1596 2097 1669 2143; x_wconf 91' lang='lat' dir='ltr'>tuam</span> <span class='ocrx_word' id='word_1_309' title='bbox 1683 2103 1826 2143; x_wconf 89' lang='lat' dir='ltr'>monemus</span> <span class='ocrx_word' id='word_1_310' title='bbox 1842 2098 1885 2141; x_wconf 89' lang='lat' dir='ltr'>at·</span> 
     </span>
     <span class='ocr_line' id='line_1_38' title="bbox 1089 2179 1880 2253; baseline 0.005 -21"><span class='ocrx_word' id='word_1_311' title='bbox 1089 2179 1188 2233; x_wconf 87' lang='lat' dir='ltr'>tentius</span> <span class='ocrx_word' id='word_1_312' title='bbox 1210 2186 1237 2234; x_wconf 88' lang='lat' dir='ltr'>et</span> <span class='ocrx_word' id='word_1_313' title='bbox 1263 2180 1404 2234; x_wconf 88' lang='lat' dir='ltr'>ltortatnur</span> <span class='ocrx_word' id='word_1_314' title='bbox 1426 2188 1561 2250; x_wconf 89' lang='lat' dir='ltr'>quatenus</span> <span class='ocrx_word' id='word_1_315' title='bbox 1585 2180 1739 2253; x_wconf 83' lang='lat' dir='ltr'>hujusmodi</span> <span class='ocrx_word' id='word_1_316' title='bbox 1766 2198 1880 2253; x_wconf 83' lang='lat' dir='ltr'>pratum</span> 
     </span>
     <span class='ocr_line' id='line_1_39' title="bbox 1087 2268 1884 2342; baseline 0.009 -19"><span class='ocrx_word' id='word_1_317' title='bbox 1087 2268 1277 2325; x_wconf 83' lang='lat' dir='ltr'>inhibitionem</span> <span class='ocrx_word' id='word_1_318' title='bbox 1293 2279 1322 2324; x_wconf 90' lang='lat' dir='ltr'>et</span> <span class='ocrx_word' id='word_1_319' title='bbox 1336 2281 1364 2326; x_wconf 93' lang='lat' dir='ltr'>tu</span> <span class='ocrx_word' id='word_1_320' title='bbox 1390 2272 1447 2342; x_wconf 91' lang='lat' dir='ltr'>ipse</span> <span class='ocrx_word' id='word_1_321' title='bbox 1460 2272 1567 2327; x_wconf 82' lang='lat' dir='ltr'>relaxes</span> <span class='ocrx_word' id='word_1_322' title='bbox 1581 2283 1608 2328; x_wconf 90' lang='lat' dir='ltr'>et</span> <span class='ocrx_word' id='word_1_323' title='bbox 1623 2290 1638 2327; x_wconf 92' lang='lat' dir='ltr'>a</span> <span class='ocrx_word' id='word_1_324' title='bbox 1654 2274 1708 2329; x_wconf 90' lang='lat' dir='ltr'>tuis</span> <span class='ocrx_word' id='word_1_325' title='bbox 1734 2274 1884 2331; x_wconf 88' lang='lat' dir='ltr'>baronibus</span> 
     </span>
     <span class='ocr_line' id='line_1_40' title="bbox 1096 2359 1649 2443; baseline 0.014 -30"><span class='ocrx_word' id='word_1_326' title='bbox 1096 2359 1181 2415; x_wconf 81' lang='lat' dir='ltr'>iricius</span> <span class='ocrx_word' id='word_1_327' title='bbox 1195 2369 1329 2443; x_wconf 84' lang='lat' dir='ltr'>potestate</span> <span class='ocrx_word' id='word_1_328' title='bbox 1346 2362 1392 2419; x_wconf 91' lang='lat' dir='ltr'>tibi</span> <span class='ocrx_word' id='word_1_329' title='bbox 1407 2364 1465 2419; x_wconf 89' lang='lat' dir='ltr'>trad</span> <span class='ocrx_word' id='word_1_330' title='bbox 1478 2372 1504 2420; x_wconf 92' lang='lat' dir='ltr'>ta</span> <span class='ocrx_word' id='word_1_331' title='bbox 1518 2366 1649 2421; x_wconf 80' lang='lat' dir='ltr'>relaxari.</span> 
     </span>
    </p>

    <p class='ocr_par' dir='ltr' id='par_1_14' title="bbox 1087 2452 1885 2603">
     <span class='ocr_line' id='line_1_41' title="bbox 1123 2452 1885 2523; baseline 0.017 -18"><span class='ocrx_word' id='word_1_332' title='bbox 1123 2452 1220 2506; x_wconf 88' lang='lat' dir='ltr'>batum</span> <span class='ocrx_word' id='word_1_333' title='bbox 1241 2452 1388 2520; x_wconf 80' lang='lat' dir='ltr'>laterani,</span> <span class='ocrx_word' id='word_1_334' title='bbox 1413 2470 1441 2509; x_wconf 87' lang='grc' dir='ltr'>ιι</span> <span class='ocrx_word' id='word_1_335' title='bbox 1460 2456 1523 2512; x_wconf 90' lang='lat' dir='ltr'>idus</span> <span class='ocrx_word' id='word_1_336' title='bbox 1543 2453 1626 2523; x_wconf 81' lang='lat' dir='ltr'>tatii,</span> <span class='ocrx_word' id='word_1_337' title='bbox 1651 2474 1708 2515; x_wconf 92' lang='lat' dir='ltr'>nno</span> <span class='ocrx_word' id='word_1_338' title='bbox 1736 2459 1817 2515; x_wconf 92' lang='lat' dir='ltr'>tertio</span> <span class='ocrx_word' id='word_1_339' title='bbox 1836 2460 1885 2518; x_wconf 90' lang='lat' dir='ltr'>de-</span> 
     </span>
     <span class='ocr_line' id='line_1_42' title="bbox 1087 2564 1252 2603; baseline 0.006 0"><span class='ocrx_word' id='word_1_340' title='bbox 1087 2564 1169 2603; x_wconf 88' lang='lat' dir='ltr'>ctnto.</span> <span class='ocrx_word' id='word_1_341' title='bbox 1248 2579 1252 2588; x_wconf 55' lang='grc' dir='ltr'>ι</span> 
     </span>
    </p>
   </div>
   <div class='ocr_carea' id='block_1_12' title="bbox 1122 2644 1881 3087">
    <p class='ocr_par' dir='ltr' id='par_1_15' title="bbox 1122 2644 1881 3087">
     <span class='ocr_line' id='line_1_43' title="bbox 1439 2644 1531 2702; baseline -0.011 0"><span class='ocrx_word' id='word_1_342' title='bbox 1439 2644 1531 2702; x_wconf 72' lang='lat' dir='ltr'>hctx.</span> 
     </span>
     <span class='ocr_line' id='line_1_44' title="bbox 1435 2754 1529 2797; baseline 0.021 -2"><span class='ocrx_word' id='word_1_343' title='bbox 1435 2754 1529 2797; x_wconf 72' lang='lat' dir='ltr'>stoan.</span> 
     </span>
     <span class='ocr_line' id='line_1_45' title="bbox 1152 2828 1813 2906; baseline 0.015 -23"><span class='ocrx_word' id='word_1_344' title='bbox 1152 2828 1190 2885; x_wconf 82' lang='lat' dir='ltr'>lle</span> <span class='ocrx_word' id='word_1_345' title='bbox 1200 2831 1362 2886; x_wconf 82' lang='lat' dir='ltr'>restitutione</span> <span class='ocrx_word' id='word_1_346' title='bbox 1384 2831 1532 2887; x_wconf 83' lang='lat' dir='ltr'>ablatorum</span> <span class='ocrx_word' id='word_1_347' title='bbox 1547 2834 1670 2906; x_wconf 74' lang='lat' dir='ltr'>[uciertdo</span> <span class='ocrx_word' id='word_1_348' title='bbox 1685 2836 1813 2893; x_wconf 72' lang='lat' dir='ltr'>ecclesiis.</span> 
     </span>
     <span class='ocr_line' id='line_1_46' title="bbox 1332 2922 1629 2997; baseline 0.017 -20"><span class='ocrx_word' id='word_1_349' title='bbox 1332 2922 1452 2993; x_wconf 83' lang='lat' dir='ltr'>(ilatum,</span> <span class='ocrx_word' id='word_1_350' title='bbox 1468 2935 1495 2978; x_wconf 90' lang='lat' dir='ltr'>nt</span> <span class='ocrx_word' id='word_1_351' title='bbox 1512 2927 1539 2979; x_wconf 89' lang='lat' dir='ltr'>in</span> <span class='ocrx_word' id='word_1_352' title='bbox 1552 2924 1629 2997; x_wconf 87' lang='lat' dir='ltr'>alin.)</span> 
     </span>
     <span class='ocr_line' id='line_1_47' title="bbox 1122 3014 1881 3087; baseline 0.004 -15"><span class='ocrx_word' id='word_1_353' title='bbox 1122 3014 1344 3087; x_wconf 74' lang='lat' dir='ltr'>significantibus</span> <span class='ocrx_word' id='word_1_354' title='bbox 1355 3014 1557 3073; x_wconf 81' lang='lat' dir='ltr'>venerabilibus</span> <span class='ocrx_word' id='word_1_355' title='bbox 1568 3016 1699 3075; x_wconf 82' lang='lat' dir='ltr'>fratribus</span> <span class='ocrx_word' id='word_1_356' title='bbox 1715 3020 1818 3077; x_wconf 89' lang='lat' dir='ltr'>nostris</span> <span class='ocrx_word' id='word_1_357' title='bbox 1833 3036 1881 3075; x_wconf 89' lang='lat' dir='ltr'>ar·</span> 
     </span>
    </p>
   </div>
   <div class='ocr_carea' id='block_1_13' title="bbox 243 3106 1883 3198">
    <p class='ocr_par' dir='ltr' id='par_1_16' title="bbox 243 3106 1883 3198">
     <span class='ocr_line' id='line_1_48' title="bbox 243 3106 1883 3198; baseline 0 -30"><span class='ocrx_word' id='word_1_358' title='bbox 243 3128 276 3168; x_wconf 89' lang='lat' dir='ltr'>ea</span> <span class='ocrx_word' id='word_1_359' title='bbox 289 3119 437 3184; x_wconf 83' lang='lat' dir='ltr'>praesumat</span> <span class='ocrx_word' id='word_1_360' title='bbox 463 3110 577 3166; x_wconf 90' lang='lat' dir='ltr'>ulterius</span> <span class='ocrx_word' id='word_1_361' title='bbox 593 3109 747 3166; x_wconf 86' lang='lat' dir='ltr'>nroiostare.</span> <span class='ocrx_word' id='word_1_362' title='bbox 768 3110 868 3166; x_wconf 92' lang='lat' dir='ltr'>lterum</span> <span class='ocrx_word' id='word_1_363' title='bbox 889 3126 950 3167; x_wconf 90' lang='lat' dir='ltr'>cum</span> <span class='ocrx_word' id='word_1_364' title='bbox 971 3126 1034 3165; x_wconf 85' lang='lat' dir='ltr'>tar·</span> <span class='ocrx_word' id='word_1_365' title='bbox 1048 3136 1071 3198; x_wconf 72' lang='lat' dir='ltr'><strong>c</strong></span> <span class='ocrx_word' id='word_1_366' title='bbox 1086 3106 1267 3179; x_wconf 88' lang='lat' dir='ltr'>cbiepiseopis</span> <span class='ocrx_word' id='word_1_367' title='bbox 1280 3116 1308 3164; x_wconf 90' lang='lat' dir='ltr'>et</span> <span class='ocrx_word' id='word_1_368' title='bbox 1329 3108 1464 3180; x_wconf 87' lang='lat' dir='ltr'>episcopis</span> <span class='ocrx_word' id='word_1_369' title='bbox 1482 3124 1513 3166; x_wconf 91' lang='lat' dir='ltr'>ae</span> <span class='ocrx_word' id='word_1_370' title='bbox 1525 3109 1645 3182; x_wconf 87' lang='lat' dir='ltr'>praelatis</span> <span class='ocrx_word' id='word_1_371' title='bbox 1670 3110 1732 3168; x_wconf 85' lang='lat' dir='ltr'>aliis</span> <span class='ocrx_word' id='word_1_372' title='bbox 1750 3112 1883 3169; x_wconf 87' lang='lat' dir='ltr'>Constan-</span> 
     </span>
    </p>
   </div>
   <div class='ocr_carea' id='block_1_14' title="bbox 242 3204 1039 5666">
    <p class='ocr_par' dir='ltr' id='par_1_17' title="bbox 242 3204 1036 4380">
     <span class='ocr_line' id='line_1_49' title="bbox 244 3204 1035 3274; baseline 0 -14"><span class='ocrx_word' id='word_1_373' title='bbox 244 3221 308 3274; x_wconf 78' lang='lat' dir='ltr'>yutn</span> <span class='ocrx_word' id='word_1_374' title='bbox 329 3205 478 3260; x_wconf 87' lang='lat' dir='ltr'>Bardareni</span> <span class='ocrx_word' id='word_1_375' title='bbox 509 3206 542 3258; x_wconf 92' lang='lat' dir='ltr'>ad</span> <span class='ocrx_word' id='word_1_376' title='bbox 564 3204 759 3259; x_wconf 89' lang='lat' dir='ltr'>monasterium</span> <span class='ocrx_word' id='word_1_377' title='bbox 789 3205 925 3274; x_wconf 88' lang='lat' dir='ltr'>pertinere</span> <span class='ocrx_word' id='word_1_378' title='bbox 950 3213 1035 3260; x_wconf 88' lang='lat' dir='ltr'>testes</span> 
     </span>
     <span class='ocr_line' id='line_1_50' title="bbox 242 3297 1033 3368; baseline 0.001 -18"><span class='ocrx_word' id='word_1_379' title='bbox 242 3299 383 3366; x_wconf 84' lang='lat' dir='ltr'>turiusque</span> <span class='ocrx_word' id='word_1_380' title='bbox 405 3297 491 3367; x_wconf 87' lang='lat' dir='ltr'>partis</span> <span class='ocrx_word' id='word_1_381' title='bbox 520 3297 682 3361; x_wconf 85' lang='lat' dir='ltr'>ostendant,</span> <span class='ocrx_word' id='word_1_382' title='bbox 702 3312 785 3368; x_wconf 89' lang='lat' dir='ltr'>super</span> <span class='ocrx_word' id='word_1_383' title='bbox 804 3313 837 3353; x_wconf 81' lang='lat' dir='ltr'>tto</span> <span class='ocrx_word' id='word_1_384' title='bbox 870 3312 1033 3366; x_wconf 89' lang='lat' dir='ltr'>yconomum</span> 
     </span>
     <span class='ocr_line' id='line_1_51' title="bbox 243 3389 1035 3460; baseline 0.003 -16"><span class='ocrx_word' id='word_1_385' title='bbox 243 3390 402 3445; x_wconf 84' lang='lat' dir='ltr'>rnottasterii</span> <span class='ocrx_word' id='word_1_386' title='bbox 435 3389 469 3444; x_wconf 91' lang='lat' dir='ltr'>ab</span> <span class='ocrx_word' id='word_1_387' title='bbox 503 3389 672 3460; x_wconf 87' lang='lat' dir='ltr'>impetitione</span> <span class='ocrx_word' id='word_1_388' title='bbox 703 3391 830 3460; x_wconf 84' lang='lat' dir='ltr'>yconomi</span> <span class='ocrx_word' id='word_1_389' title='bbox 866 3390 1035 3446; x_wconf 80' lang='lat' dir='ltr'>Rauennatis</span> 
     </span>
     <span class='ocr_line' id='line_1_52' title="bbox 243 3481 1035 3552; baseline -0.001 -13"><span class='ocrx_word' id='word_1_390' title='bbox 243 3485 389 3539; x_wconf 88' lang='lat' dir='ltr'>statuimus</span> <span class='ocrx_word' id='word_1_391' title='bbox 408 3481 612 3537; x_wconf 81' lang='lat' dir='ltr'>absolvendum.</span> <span class='ocrx_word' id='word_1_392' title='bbox 633 3481 739 3537; x_wconf 86' lang='lat' dir='ltr'>Etcum</span> <span class='ocrx_word' id='word_1_393' title='bbox 753 3497 800 3552; x_wconf 89' lang='lat' dir='ltr'>per</span> <span class='ocrx_word' id='word_1_394' title='bbox 815 3490 899 3538; x_wconf 87' lang='lat' dir='ltr'>testes</span> <span class='ocrx_word' id='word_1_395' title='bbox 910 3484 946 3538; x_wconf 89' lang='lat' dir='ltr'>sit</span> <span class='ocrx_word' id='word_1_396' title='bbox 961 3483 1035 3540; x_wconf 91' lang='lat' dir='ltr'>sulli-</span> 
     </span>
     <span class='ocr_line' id='line_1_53' title="bbox 242 3571 1035 3643; baseline 0 -13"><span class='ocrx_word' id='word_1_397' title='bbox 242 3576 346 3630; x_wconf 88' lang='lat' dir='ltr'>cieuter</span> <span class='ocrx_word' id='word_1_398' title='bbox 362 3582 500 3629; x_wconf 88' lang='lat' dir='ltr'>ostensum</span> <span class='ocrx_word' id='word_1_399' title='bbox 516 3572 588 3643; x_wconf 91' lang='lat' dir='ltr'>quod</span> <span class='ocrx_word' id='word_1_400' title='bbox 609 3587 691 3642; x_wconf 87' lang='lat' dir='ltr'>super</span> <span class='ocrx_word' id='word_1_401' title='bbox 705 3572 762 3629; x_wconf 88' lang='lat' dir='ltr'>sale</span> <span class='ocrx_word' id='word_1_402' title='bbox 783 3571 947 3629; x_wconf 86' lang='lat' dir='ltr'>sulheientcr</span> <span class='ocrx_word' id='word_1_403' title='bbox 968 3576 1035 3630; x_wconf 90' lang='lat' dir='ltr'>sati-</span> 
     </span>
     <span class='ocr_line' id='line_1_54' title="bbox 244 3665 1036 3736; baseline 0 -14"><span class='ocrx_word' id='word_1_404' title='bbox 244 3669 346 3722; x_wconf 87' lang='lat' dir='ltr'>l&#39;astum</span> <span class='ocrx_word' id='word_1_405' title='bbox 368 3665 420 3722; x_wconf 87' lang='lat' dir='ltr'>luit</span> <span class='ocrx_word' id='word_1_406' title='bbox 442 3666 608 3722; x_wconf 86' lang='lat' dir='ltr'>ntonastetio</span> <span class='ocrx_word' id='word_1_407' title='bbox 635 3666 724 3736; x_wconf 93' lang='lat' dir='ltr'>quoad</span> <span class='ocrx_word' id='word_1_408' title='bbox 743 3668 859 3734; x_wconf 91' lang='lat' dir='ltr'>pretium</span> <span class='ocrx_word' id='word_1_409' title='bbox 884 3681 938 3736; x_wconf 91' lang='lat' dir='ltr'>qno</span> <span class='ocrx_word' id='word_1_410' title='bbox 962 3667 1036 3724; x_wconf 92' lang='lat' dir='ltr'>solu-</span> 
     </span>
     <span class='ocr_line' id='line_1_55' title="bbox 245 3759 1035 3830; baseline 0.004 -18"><span class='ocrx_word' id='word_1_411' title='bbox 245 3760 327 3816; x_wconf 91' lang='lat' dir='ltr'>tionis</span> <span class='ocrx_word' id='word_1_412' title='bbox 338 3768 462 3829; x_wconf 89' lang='lat' dir='ltr'>tempore</span> <span class='ocrx_word' id='word_1_413' title='bbox 476 3759 655 3826; x_wconf 80' lang='lat' dir='ltr'>scindebatur,</span> <span class='ocrx_word' id='word_1_414' title='bbox 668 3773 719 3814; x_wconf 84' lang='lat' dir='ltr'>nee</span> <span class='ocrx_word' id='word_1_415' title='bbox 732 3759 806 3816; x_wconf 84' lang='lat' dir='ltr'>viros</span> <span class='ocrx_word' id='word_1_416' title='bbox 830 3759 973 3830; x_wconf 80' lang='lat' dir='ltr'>religiosos</span> <span class='ocrx_word' id='word_1_417' title='bbox 987 3761 1035 3815; x_wconf 89' lang='lat' dir='ltr'>de·</span> 
     </span>
     <span class='ocr_line' id='line_1_56' title="bbox 243 3848 1036 3922; baseline 0.001 -18"><span class='ocrx_word' id='word_1_418' title='bbox 243 3860 303 3904; x_wconf 90' lang='lat' dir='ltr'>oeat</span> <span class='ocrx_word' id='word_1_419' title='bbox 316 3850 423 3905; x_wconf 90' lang='lat' dir='ltr'>inhiare</span> <span class='ocrx_word' id='word_1_420' title='bbox 437 3849 521 3905; x_wconf 89' lang='lat' dir='ltr'>lucris</span> <span class='ocrx_word' id='word_1_421' title='bbox 539 3848 716 3906; x_wconf 85' lang='lat' dir='ltr'>saecularibus</span> <span class='ocrx_word' id='word_1_422' title='bbox 732 3858 759 3904; x_wconf 88' lang='lat' dir='ltr'>et</span> <span class='ocrx_word' id='word_1_423' title='bbox 780 3866 842 3906; x_wconf 91' lang='lat' dir='ltr'>eum</span> <span class='ocrx_word' id='word_1_424' title='bbox 863 3851 977 3907; x_wconf 87' lang='lat' dir='ltr'>alterius</span> <span class='ocrx_word' id='word_1_425' title='bbox 993 3850 1036 3922; x_wconf 78' lang='lat' dir='ltr'>ja-</span> 
     </span>
     <span class='ocr_line' id='line_1_57' title="bbox 242 3945 1035 4018; baseline -0.001 -17"><span class='ocrx_word' id='word_1_426' title='bbox 242 3955 321 4001; x_wconf 84' lang='lat' dir='ltr'>ctura</span> <span class='ocrx_word' id='word_1_427' title='bbox 349 3945 446 4010; x_wconf 88' lang='lat' dir='ltr'>ditari,</span> <span class='ocrx_word' id='word_1_428' title='bbox 469 3958 602 4018; x_wconf 89' lang='lat' dir='ltr'>yconomo</span> <span class='ocrx_word' id='word_1_429' title='bbox 630 3945 787 4002; x_wconf 91' lang='lat' dir='ltr'>monasterii</span> <span class='ocrx_word' id='word_1_430' title='bbox 810 3959 892 4014; x_wconf 87' lang='lat' dir='ltr'>super</span> <span class='ocrx_word' id='word_1_431' title='bbox 917 3945 969 4002; x_wconf 92' lang='lat' dir='ltr'>hoe</span> <span class='ocrx_word' id='word_1_432' title='bbox 996 3947 1035 4001; x_wconf 90' lang='lat' dir='ltr'>si·</span> 
     </span>
     <span class='ocr_line' id='line_1_58' title="bbox 244 4035 1033 4108; baseline 0.001 -17"><span class='ocrx_word' id='word_1_433' title='bbox 244 4039 358 4096; x_wconf 89' lang='lat' dir='ltr'>lentium</span> <span class='ocrx_word' id='word_1_434' title='bbox 374 4037 546 4094; x_wconf 85' lang='lat' dir='ltr'>decrevimus</span> <span class='ocrx_word' id='word_1_435' title='bbox 566 4038 771 4108; x_wconf 86' lang='lat' dir='ltr'>imponendum.</span> <span class='ocrx_word' id='word_1_436' title='bbox 795 4035 866 4092; x_wconf 86' lang='lat' dir='ltr'>Nulli</span> <span class='ocrx_word' id='word_1_437' title='bbox 888 4052 962 4108; x_wconf 80' lang='lat' dir='ltr'>ergo,</span> <span class='ocrx_word' id='word_1_438' title='bbox 979 4046 1033 4093; x_wconf 91' lang='lat' dir='ltr'>ete.</span> 
     </span>
     <span class='ocr_line' id='line_1_59' title="bbox 243 4125 1034 4198; baseline 0 -16"><span class='ocrx_word' id='word_1_439' title='bbox 243 4127 315 4182; x_wconf 89' lang='lat' dir='ltr'>hanc</span> <span class='ocrx_word' id='word_1_440' title='bbox 329 4127 455 4197; x_wconf 80' lang='lat' dir='ltr'>paginam</span> <span class='ocrx_word' id='word_1_441' title='bbox 473 4135 573 4182; x_wconf 71' lang='lat' dir='ltr'>nostrae</span> <span class='ocrx_word' id='word_1_442' title='bbox 583 4125 753 4184; x_wconf 81' lang='lat' dir='ltr'>diffinitionis</span> <span class='ocrx_word' id='word_1_443' title='bbox 765 4127 917 4198; x_wconf 70' lang='lat' dir='ltr'>¹infringere</span> <span class='ocrx_word' id='word_1_444' title='bbox 940 4134 980 4183; x_wconf 90' lang='lat' dir='ltr'>ret</span> <span class='ocrx_word' id='word_1_445' title='bbox 996 4129 1034 4191; x_wconf 87' lang='lat' dir='ltr'>ei,</span> 
     </span>
     <span class='ocr_line' id='line_1_60' title="bbox 243 4217 1034 4290; baseline 0.003 -16"><span class='ocrx_word' id='word_1_446' title='bbox 243 4227 297 4274; x_wconf 81' lang='lat' dir='ltr'>etc.</span> <span class='ocrx_word' id='word_1_447' title='bbox 311 4217 411 4288; x_wconf 88' lang='lat' dir='ltr'>Siquis</span> <span class='ocrx_word' id='word_1_448' title='bbox 425 4226 514 4274; x_wconf 89' lang='lat' dir='ltr'>autent</span> <span class='ocrx_word' id='word_1_449' title='bbox 528 4219 579 4274; x_wconf 88' lang='lat' dir='ltr'>hoc</span> <span class='ocrx_word' id='word_1_450' title='bbox 592 4227 727 4274; x_wconf 87' lang='lat' dir='ltr'>attentare</span> <span class='ocrx_word' id='word_1_451' title='bbox 741 4220 956 4290; x_wconf 74' lang='lat' dir='ltr'>presumpserit,</span> <span class='ocrx_word' id='word_1_452' title='bbox 967 4228 1034 4288; x_wconf 78' lang='lat' dir='ltr'>otc..</span> 
     </span>
     <span class='ocr_line' id='line_1_61' title="bbox 243 4309 526 4380; baseline -0.004 -16"><span class='ocrx_word' id='word_1_453' title='bbox 243 4325 327 4380; x_wconf 81' lang='lat' dir='ltr'>traque</span> <span class='ocrx_word' id='word_1_454' title='bbox 344 4309 526 4374; x_wconf 79' lang='lat' dir='ltr'>incursurum.</span> 
     </span>
    </p>

    <p class='ocr_par' dir='ltr' id='par_1_18' title="bbox 244 4399 1035 4548">
     <span class='ocr_line' id='line_1_62' title="bbox 280 4399 1035 4470; baseline 0 -14"><span class='ocrx_word' id='word_1_455' title='bbox 280 4399 377 4456; x_wconf 82' lang='lat' dir='ltr'>[iatum</span> <span class='ocrx_word' id='word_1_456' title='bbox 399 4399 536 4465; x_wconf 81' lang='lat' dir='ltr'>Laterani,</span> <span class='ocrx_word' id='word_1_457' title='bbox 550 4399 633 4455; x_wconf 88' lang='lat' dir='ltr'>h&#39;onis</span> <span class='ocrx_word' id='word_1_458' title='bbox 655 4399 923 4470; x_wconf 84' lang='lat' dir='ltr'>lulii,pontilicatrts</span> <span class='ocrx_word' id='word_1_459' title='bbox 949 4402 1035 4457; x_wconf 90' lang='lat' dir='ltr'>nostri</span> 
     </span>
     <span class='ocr_line' id='line_1_63' title="bbox 244 4491 536 4548; baseline -0.017 0"><span class='ocrx_word' id='word_1_460' title='bbox 244 4508 316 4548; x_wconf 88' lang='lat' dir='ltr'>antro</span> <span class='ocrx_word' id='word_1_461' title='bbox 329 4491 408 4548; x_wconf 89' lang='lat' dir='ltr'>tertio</span> <span class='ocrx_word' id='word_1_462' title='bbox 421 4491 536 4548; x_wconf 90' lang='lat' dir='ltr'>dccinto.</span> 
     </span>
    </p>

    <p class='ocr_par' dir='ltr' id='par_1_19' title="bbox 315 4579 961 4933">
     <span class='ocr_line' id='line_1_64' title="bbox 559 4579 691 4636; baseline 0.015 -2"><span class='ocrx_word' id='word_1_463' title='bbox 559 4619 561 4622; x_wconf 86' lang='lat'>-</span> <span class='ocrx_word' id='word_1_464' title='bbox 589 4579 691 4636; x_wconf 83' lang='lat' dir='ltr'>llCi&#39;ll.</span> 
     </span>
     <span class='ocr_line' id='line_1_65' title="bbox 488 4690 797 4733; baseline 0.006 -3"><span class='ocrx_word' id='word_1_465' title='bbox 488 4690 613 4731; x_wconf 81' lang='lat' dir='ltr'>srtseoro</span> <span class='ocrx_word' id='word_1_466' title='bbox 631 4690 797 4733; x_wconf 84' lang='lat' dir='ltr'>cnnntcsnst.</span> 
     </span>
     <span class='ocr_line' id='line_1_66' title="bbox 315 4765 961 4839; baseline 0.003 -15"><span class='ocrx_word' id='word_1_467' title='bbox 315 4765 448 4837; x_wconf 75' lang='lat' dir='ltr'>Recipitur</span> <span class='ocrx_word' id='word_1_468' title='bbox 462 4767 509 4822; x_wconf 84' lang='lat' dir='ltr'>rud</span> <span class='ocrx_word' id='word_1_469' title='bbox 524 4769 684 4836; x_wconf 80' lang='lat' dir='ltr'>protectione</span> <span class='ocrx_word' id='word_1_470' title='bbox 704 4768 774 4824; x_wconf 83' lang='lat' dir='ltr'>sedis</span> <span class='ocrx_word' id='word_1_471' title='bbox 796 4769 961 4839; x_wconf 79' lang='lat' dir='ltr'>apostolieae.</span> 
     </span>
     <span class='ocr_line' id='line_1_67' title="bbox 443 4859 852 4933; baseline -0.002 -17"><span class='ocrx_word' id='word_1_472' title='bbox 443 4859 595 4932; x_wconf 84' lang='lat' dir='ltr'>(Laterani,</span> <span class='ocrx_word' id='word_1_473' title='bbox 613 4875 644 4917; x_wconf 91' lang='grc' dir='ltr'>ιιι</span> <span class='ocrx_word' id='word_1_474' title='bbox 656 4860 746 4918; x_wconf 86' lang='lat' dir='ltr'>Nonas</span> <span class='ocrx_word' id='word_1_475' title='bbox 765 4860 852 4933; x_wconf 79' lang='lat' dir='ltr'>iulii.)</span> 
     </span>
    </p>

    <p class='ocr_par' dir='ltr' id='par_1_20' title="bbox 244 4947 1039 5666">
     <span class='ocr_line' id='line_1_68' title="bbox 281 4947 1037 5024; baseline 0.001 -15"><span class='ocrx_word' id='word_1_476' title='bbox 281 4947 365 5010; x_wconf 79' lang='lat' dir='ltr'>iustis</span> <span class='ocrx_word' id='word_1_477' title='bbox 377 4953 525 5024; x_wconf 86' lang='lat' dir='ltr'>petentium</span> <span class='ocrx_word' id='word_1_478' title='bbox 535 4953 678 5009; x_wconf 86' lang='lat' dir='ltr'>desideriis</span> <span class='ocrx_word' id='word_1_479' title='bbox 690 4954 800 5022; x_wconf 64' lang='lat' dir='ltr'>dignum</span> <span class='ocrx_word' id='word_1_480' title='bbox 811 4962 853 5009; x_wconf 85' lang='lat' dir='ltr'>est</span> <span class='ocrx_word' id='word_1_481' title='bbox 863 4969 913 5010; x_wconf 90' lang='lat' dir='ltr'>nos</span> <span class='ocrx_word' id='word_1_482' title='bbox 927 4954 1037 5012; x_wconf 81' lang='lat' dir='ltr'>facilem</span> 
     </span>
     <span class='ocr_line' id='line_1_69' title="bbox 246 5030 1037 5118; baseline 0 -18"><span class='ocrx_word' id='word_1_483' title='bbox 246 5043 366 5118; x_wconf 81' lang='lat' dir='ltr'>praebere</span> <span class='ocrx_word' id='word_1_484' title='bbox 380 5057 554 5110; x_wconf 89' lang='lat' dir='ltr'>consensum,</span> <span class='ocrx_word' id='word_1_485' title='bbox 567 5054 595 5098; x_wconf 91' lang='lat' dir='ltr'>et</span> <span class='ocrx_word' id='word_1_486' title='bbox 605 5051 668 5098; x_wconf 85' lang='lat' dir='ltr'>rota</span> <span class='ocrx_word' id='word_1_487' title='bbox 686 5030 745 5112; x_wconf 78' lang='lat' dir='ltr'>que</span> <span class='ocrx_word' id='word_1_488' title='bbox 758 5057 773 5096; x_wconf 93' lang='lat' dir='ltr'>a</span> <span class='ocrx_word' id='word_1_489' title='bbox 797 5046 912 5100; x_wconf 90' lang='lat' dir='ltr'>rationis</span> <span class='ocrx_word' id='word_1_490' title='bbox 928 5046 1037 5101; x_wconf 88' lang='lat' dir='ltr'>tramite</span> 
     </span>
     <span class='ocr_line' id='line_1_70' title="bbox 247 5131 1036 5207; baseline 0.004 -18"><span class='ocrx_word' id='word_1_491' title='bbox 247 5151 300 5191; x_wconf 91' lang='lat' dir='ltr'>non</span> <span class='ocrx_word' id='word_1_492' title='bbox 318 5132 475 5191; x_wconf 85' lang='lat' dir='ltr'>discordant</span> <span class='ocrx_word' id='word_1_493' title='bbox 499 5131 595 5188; x_wconf 80' lang='lat' dir='ltr'>eliceto</span> <span class='ocrx_word' id='word_1_494' title='bbox 614 5141 795 5203; x_wconf 81' lang='lat' dir='ltr'>persequente</span> <span class='ocrx_word' id='word_1_495' title='bbox 812 5137 958 5207; x_wconf 82' lang='lat' dir='ltr'>complere.</span> <span class='ocrx_word' id='word_1_496' title='bbox 983 5137 1036 5193; x_wconf 83' lang='lat' dir='ltr'>Ea-</span> 
     </span>
     <span class='ocr_line' id='line_1_71' title="bbox 244 5223 1037 5298; baseline 0.006 -17"><span class='ocrx_word' id='word_1_497' title='bbox 244 5237 369 5298; x_wconf 89' lang='lat' dir='ltr'>propter,</span> <span class='ocrx_word' id='word_1_498' title='bbox 394 5224 557 5280; x_wconf 77' lang='lat' dir='ltr'>venerabilis</span> <span class='ocrx_word' id='word_1_499' title='bbox 580 5225 607 5279; x_wconf 93' lang='lat' dir='ltr'>in</span> <span class='ocrx_word' id='word_1_500' title='bbox 635 5223 749 5280; x_wconf 74' lang='lat' dir='ltr'>Christo</span> <span class='ocrx_word' id='word_1_501' title='bbox 769 5224 867 5294; x_wconf 87' lang='lat' dir='ltr'>irater,</span> <span class='ocrx_word' id='word_1_502' title='bbox 887 5228 1037 5297; x_wconf 84' lang='lat' dir='ltr'>tuisiustis</span> 
     </span>
     <span class='ocr_line' id='line_1_72' title="bbox 246 5319 1039 5391; baseline 0.005 -17"><span class='ocrx_word' id='word_1_503' title='bbox 246 5319 371 5390; x_wconf 86' lang='lat' dir='ltr'>precibus</span> <span class='ocrx_word' id='word_1_504' title='bbox 392 5327 471 5390; x_wconf 70' lang='lat' dir='ltr'>grato</span> <span class='ocrx_word' id='word_1_505' title='bbox 490 5325 685 5374; x_wconf 88' lang='lat' dir='ltr'>concurrentes</span> <span class='ocrx_word' id='word_1_506' title='bbox 709 5333 990 5391; x_wconf 86' lang='lat' dir='ltr'>assensu‚personarn</span> <span class='ocrx_word' id='word_1_507' title='bbox 1009 5331 1039 5378; x_wconf 91' lang='lat' dir='ltr'>et</span> 
     </span>
     <span class='ocr_line' id='line_1_73' title="bbox 248 5410 1037 5484; baseline 0.006 -18"><span class='ocrx_word' id='word_1_508' title='bbox 248 5410 396 5468; x_wconf 81' lang='lat' dir='ltr'>Ecclesiam</span> <span class='ocrx_word' id='word_1_509' title='bbox 413 5420 507 5476; x_wconf 86' lang='lat' dir='ltr'>tuam,</span> <span class='ocrx_word' id='word_1_510' title='bbox 523 5425 586 5464; x_wconf 93' lang='lat' dir='ltr'>enm</span> <span class='ocrx_word' id='word_1_511' title='bbox 605 5411 733 5467; x_wconf 89' lang='lat' dir='ltr'>orttnibus</span> <span class='ocrx_word' id='word_1_512' title='bbox 747 5412 828 5469; x_wconf 90' lang='lat' dir='ltr'>bonis</span> <span class='ocrx_word' id='word_1_513' title='bbox 848 5429 909 5484; x_wconf 87' lang='lat' dir='ltr'>quae</span> <span class='ocrx_word' id='word_1_514' title='bbox 929 5415 1037 5484; x_wconf 77' lang='lat' dir='ltr'>impete·</span> 
     </span>
     <span class='ocr_line' id='line_1_74' title="bbox 247 5499 1036 5585; baseline 0.005 -27"><span class='ocrx_word' id='word_1_515' title='bbox 247 5503 394 5558; x_wconf 89' lang='lat' dir='ltr'>sentiarum</span> <span class='ocrx_word' id='word_1_516' title='bbox 418 5499 615 5558; x_wconf 90' lang='lat' dir='ltr'>rationabiliter</span> <span class='ocrx_word' id='word_1_517' title='bbox 637 5503 766 5585; x_wconf 65' lang='lat' dir='ltr'>possidet,</span> <span class='ocrx_word' id='word_1_518' title='bbox 792 5505 1036 5562; x_wconf 73' lang='lat' dir='ltr'>intraturorum</span> 
     </span>
     <span class='ocr_line' id='line_1_75' title="bbox 248 5591 1035 5666; baseline 0.005 -20"><span class='ocrx_word' id='word_1_519' title='bbox 248 5593 325 5660; x_wconf 69' lang='lat' dir='ltr'>iustis</span> <span class='ocrx_word' id='word_1_520' title='bbox 343 5593 446 5656; x_wconf 91' lang='lat' dir='ltr'>modis,</span> <span class='ocrx_word' id='word_1_521' title='bbox 469 5591 616 5661; x_wconf 80' lang='lat' dir='ltr'>praestante</span> <span class='ocrx_word' id='word_1_522' title='bbox 637 5592 761 5662; x_wconf 83' lang='lat' dir='ltr'>homino,</span> <span class='ocrx_word' id='word_1_523' title='bbox 783 5598 884 5665; x_wconf 90' lang='lat' dir='ltr'>poterit</span> <span class='ocrx_word' id='word_1_524' title='bbox 902 5597 1035 5666; x_wconf 89' lang='lat' dir='ltr'>adipisci,</span> 
     </span>
    </p>
   </div>
   <div class='ocr_carea' id='block_1_15' title="bbox 280 5681 1110 5859">
    <p class='ocr_par' dir='ltr' id='par_1_21' title="bbox 280 5681 1110 5859">
     <span class='ocr_line' id='line_1_76' title="bbox 284 5681 756 5778; baseline 0.006 -19"><span class='ocrx_word' id='word_1_525' title='bbox 284 5707 339 5778; x_wconf 79' lang='lat' dir='ltr'>(ib)</span> <span class='ocrx_word' id='word_1_526' title='bbox 355 5707 383 5762; x_wconf 95' lang='lat' dir='ltr'>ln</span> <span class='ocrx_word' id='word_1_527' title='bbox 394 5705 511 5761; x_wconf 86' lang='lat' dir='ltr'>Bullario</span> <span class='ocrx_word' id='word_1_528' title='bbox 522 5707 613 5761; x_wconf 84' lang='lat' dir='ltr'>Casia.</span> <span class='ocrx_word' id='word_1_529' title='bbox 627 5681 756 5764; x_wconf 67' lang='lat' dir='ltr'>erinnem.</span> 
     </span>
     <span class='ocr_line' id='line_1_77' title="bbox 280 5775 1110 5859; baseline 0.006 -27"><span class='ocrx_word' id='word_1_530' title='bbox 280 5778 340 5859; x_wconf 72' lang='grc' dir='ltr'>Ιιιι)</span> <span class='ocrx_word' id='word_1_531' title='bbox 352 5777 420 5834; x_wconf 78' lang='lat' dir='ltr'>vide</span> <span class='ocrx_word' id='word_1_532' title='bbox 435 5775 506 5834; x_wconf 88' lang='lat' dir='ltr'>luha</span> <span class='ocrx_word' id='word_1_533' title='bbox 520 5779 598 5847; x_wconf 85' lang='lat' dir='ltr'>epist.</span> <span class='ocrx_word' id='word_1_534' title='bbox 615 5777 675 5854; x_wconf 83' lang='lat' dir='ltr'>llil,</span> <span class='ocrx_word' id='word_1_535' title='bbox 693 5789 720 5835; x_wconf 89' lang='lat' dir='ltr'>et</span> <span class='ocrx_word' id='word_1_536' title='bbox 742 5779 788 5836; x_wconf 82' lang='lat' dir='ltr'>lib.</span> <span class='ocrx_word' id='word_1_537' title='bbox 804 5797 834 5846; x_wconf 89' lang='lat' dir='ltr'>n,</span> <span class='ocrx_word' id='word_1_538' title='bbox 855 5781 934 5852; x_wconf 81' lang='lat' dir='ltr'>epist.</span> <span class='ocrx_word' id='word_1_539' title='bbox 953 5783 984 5836; x_wconf 69' lang='lat' dir='ltr'>ta</span> <span class='ocrx_word' id='word_1_540' title='bbox 996 5792 1022 5839; x_wconf 89' lang='lat' dir='ltr'>ct</span> <span class='ocrx_word' id='word_1_541' title='bbox 1035 5797 1110 5856; x_wconf 89' lang='lat' dir='ltr'>seqq.</span> 
     </span>
    </p>
   </div>
   <div class='ocr_carea' id='block_1_16' title="bbox 1085 3200 1883 4292">
    <p class='ocr_par' dir='ltr' id='par_1_22' title="bbox 1085 3200 1883 4292">
     <span class='ocr_line' id='line_1_78' title="bbox 1086 3200 1879 3277; baseline 0.01 -23"><span class='ocrx_word' id='word_1_542' title='bbox 1086 3200 1258 3270; x_wconf 87' lang='lat' dir='ltr'>tinopolitani</span> <span class='ocrx_word' id='word_1_543' title='bbox 1279 3202 1396 3272; x_wconf 92' lang='lat' dir='ltr'>imperii,</span> <span class='ocrx_word' id='word_1_544' title='bbox 1409 3218 1469 3258; x_wconf 61' lang='lat' dir='ltr'>xnos</span> <span class='ocrx_word' id='word_1_545' title='bbox 1481 3205 1618 3275; x_wconf 85' lang='lat' dir='ltr'>accepisse</span> <span class='ocrx_word' id='word_1_546' title='bbox 1639 3221 1790 3276; x_wconf 80' lang='lat' dir='ltr'>engrtoseas</span> <span class='ocrx_word' id='word_1_547' title='bbox 1807 3208 1879 3277; x_wconf 92' lang='lat' dir='ltr'>quod</span> 
     </span>
     <span class='ocr_line' id='line_1_79' title="bbox 1085 3293 1882 3358; baseline 0.009 -12"><span class='ocrx_word' id='word_1_548' title='bbox 1085 3306 1148 3346; x_wconf 92' lang='lat' dir='ltr'>eum</span> <span class='ocrx_word' id='word_1_549' title='bbox 1163 3293 1291 3358; x_wconf 91' lang='lat' dir='ltr'>barones,</span> <span class='ocrx_word' id='word_1_550' title='bbox 1304 3294 1404 3350; x_wconf 90' lang='lat' dir='ltr'>milites</span> <span class='ocrx_word' id='word_1_551' title='bbox 1418 3295 1501 3350; x_wconf 91' lang='lat' dir='ltr'>etalii</span> <span class='ocrx_word' id='word_1_552' title='bbox 1516 3296 1621 3352; x_wconf 90' lang='lat' dir='ltr'>nobiles</span> <span class='ocrx_word' id='word_1_553' title='bbox 1632 3295 1882 3353; x_wconf 78' lang='lat' dir='ltr'>humamanam-</span> 
     </span>
     <span class='ocr_line' id='line_1_80' title="bbox 1086 3375 1882 3454; baseline 0.011 -18"><span class='ocrx_word' id='word_1_554' title='bbox 1086 3383 1182 3449; x_wconf 90' lang='lat' dir='ltr'>steria,</span> <span class='ocrx_word' id='word_1_555' title='bbox 1195 3375 1393 3454; x_wconf 84' lang='lat' dir='ltr'>possessiones,</span> <span class='ocrx_word' id='word_1_556' title='bbox 1409 3387 1543 3453; x_wconf 86' lang='lat' dir='ltr'>honrines,</span> <span class='ocrx_word' id='word_1_557' title='bbox 1563 3387 1685 3443; x_wconf 88' lang='lat' dir='ltr'>decimas</span> <span class='ocrx_word' id='word_1_558' title='bbox 1699 3397 1753 3443; x_wconf 91' lang='lat' dir='ltr'>tarn</span> <span class='ocrx_word' id='word_1_559' title='bbox 1770 3387 1882 3445; x_wconf 73' lang='lat' dir='ltr'>ernen-</span> 
     </span>
     <span class='ocr_line' id='line_1_81' title="bbox 1086 3476 1880 3547; baseline 0.009 -18"><span class='ocrx_word' id='word_1_560' title='bbox 1086 3491 1146 3530; x_wconf 91' lang='lat' dir='ltr'>rum</span> <span class='ocrx_word' id='word_1_561' title='bbox 1173 3490 1255 3547; x_wconf 92' lang='lat' dir='ltr'>quam</span> <span class='ocrx_word' id='word_1_562' title='bbox 1281 3476 1451 3543; x_wconf 89' lang='lat' dir='ltr'>Latinorum,</span> <span class='ocrx_word' id='word_1_563' title='bbox 1475 3487 1500 3534; x_wconf 91' lang='lat' dir='ltr'>et</span> <span class='ocrx_word' id='word_1_564' title='bbox 1524 3479 1578 3532; x_wconf 90' lang='lat' dir='ltr'>alia</span> <span class='ocrx_word' id='word_1_565' title='bbox 1604 3481 1673 3534; x_wconf 89' lang='lat' dir='ltr'>bona</span> <span class='ocrx_word' id='word_1_566' title='bbox 1698 3481 1880 3536; x_wconf 84' lang='lat' dir='ltr'>ecelesiarum</span> 
     </span>
     <span class='ocr_line' id='line_1_82' title="bbox 1085 3567 1883 3642; baseline 0.009 -21"><span class='ocrx_word' id='word_1_567' title='bbox 1085 3582 1195 3622; x_wconf 88' lang='lat' dir='ltr'>suarum</span> <span class='ocrx_word' id='word_1_568' title='bbox 1215 3579 1309 3623; x_wconf 88' lang='lat' dir='ltr'>eontra</span> <span class='ocrx_word' id='word_1_569' title='bbox 1324 3567 1459 3640; x_wconf 86' lang='lat' dir='ltr'>justitiam</span> <span class='ocrx_word' id='word_1_570' title='bbox 1482 3571 1647 3638; x_wconf 85' lang='lat' dir='ltr'>detinerent,</span> <span class='ocrx_word' id='word_1_571' title='bbox 1665 3587 1713 3627; x_wconf 92' lang='lat' dir='ltr'>eos</span> <span class='ocrx_word' id='word_1_572' title='bbox 1736 3589 1785 3642; x_wconf 92' lang='lat' dir='ltr'>per</span> <span class='ocrx_word' id='word_1_573' title='bbox 1799 3588 1883 3629; x_wconf 85' lang='lat' dir='ltr'>reue·</span> 
     </span>
     <span class='ocr_line' id='line_1_83' title="bbox 1088 3660 1880 3736; baseline 0.005 -20"><span class='ocrx_word' id='word_1_574' title='bbox 1088 3660 1186 3716; x_wconf 91' lang='lat' dir='ltr'>rabiles</span> <span class='ocrx_word' id='word_1_575' title='bbox 1208 3660 1309 3718; x_wconf 87' lang='lat' dir='ltr'>iratres</span> <span class='ocrx_word' id='word_1_576' title='bbox 1327 3671 1436 3718; x_wconf 67' lang='lat' dir='ltr'>noszros</span> <span class='ocrx_word' id='word_1_577' title='bbox 1456 3661 1632 3720; x_wconf 88' lang='lat' dir='ltr'>Larissenum</span> <span class='ocrx_word' id='word_1_578' title='bbox 1647 3666 1880 3736; x_wconf 88' lang='lat' dir='ltr'>arclticpiseopurn</span> 
     </span>
     <span class='ocr_line' id='line_1_84' title="bbox 1085 3753 1881 3830; baseline 0.008 -21"><span class='ocrx_word' id='word_1_579' title='bbox 1085 3763 1114 3809; x_wconf 89' lang='lat' dir='ltr'>et</span> <span class='ocrx_word' id='word_1_580' title='bbox 1124 3753 1311 3811; x_wconf 74' lang='lat' dir='ltr'>[davaliensem</span> <span class='ocrx_word' id='word_1_581' title='bbox 1319 3756 1472 3826; x_wconf 88' lang='lat' dir='ltr'>episcopum</span> <span class='ocrx_word' id='word_1_582' title='bbox 1484 3757 1518 3812; x_wconf 89' lang='lat' dir='ltr'>ad</span> <span class='ocrx_word' id='word_1_583' title='bbox 1530 3757 1728 3813; x_wconf 85' lang='lat' dir='ltr'>restitutionem</span> <span class='ocrx_word' id='word_1_584' title='bbox 1745 3759 1881 3830; x_wconf 75' lang='lat' dir='ltr'>integrant</span> 
     </span>
     <span class='ocr_line' id='line_1_85' title="bbox 1086 3846 1881 3906; baseline 0.006 -5"><span class='ocrx_word' id='word_1_585' title='bbox 1086 3846 1259 3904; x_wconf 91' lang='lat' dir='ltr'>detentorum</span> <span class='ocrx_word' id='word_1_586' title='bbox 1296 3861 1413 3902; x_wconf 87' lang='lat' dir='ltr'>censura</span> <span class='ocrx_word' id='word_1_587' title='bbox 1461 3849 1652 3905; x_wconf 85' lang='lat' dir='ltr'>mandarimus</span> <span class='ocrx_word' id='word_1_588' title='bbox 1692 3851 1881 3906; x_wconf 87' lang='lat' dir='ltr'>ecelesiastica</span> 
     </span>
     <span class='ocr_line' id='line_1_86' title="bbox 1087 3941 1882 4014; baseline 0.001 -14"><span class='ocrx_word' id='word_1_589' title='bbox 1087 3942 1263 4000; x_wconf 88' lang='lat' dir='ltr'>coercendos.</span> <span class='ocrx_word' id='word_1_590' title='bbox 1291 3941 1342 4008; x_wconf 84' lang='lat' dir='ltr'>Qrti</span> <span class='ocrx_word' id='word_1_591' title='bbox 1372 3942 1437 3999; x_wconf 90' lang='lat' dir='ltr'>lieet</span> <span class='ocrx_word' id='word_1_592' title='bbox 1468 3951 1581 4014; x_wconf 89' lang='lat' dir='ltr'>propter</span> <span class='ocrx_word' id='word_1_593' title='bbox 1609 3945 1813 4014; x_wconf 81' lang='lat' dir='ltr'>expeditionem</span> <span class='ocrx_word' id='word_1_594' title='bbox 1847 3948 1882 4001; x_wconf 91' lang='lat' dir='ltr'>ad</span> 
     </span>
     <span class='ocr_line' id='line_1_87' title="bbox 1086 4039 1881 4109; baseline 0.004 -20"><span class='ocrx_word' id='word_1_595' title='bbox 1086 4053 1167 4108; x_wconf 90' lang='lat' dir='ltr'>qnam</span> <span class='ocrx_word' id='word_1_596' title='bbox 1185 4041 1367 4109; x_wconf 89' lang='lat' dir='ltr'>properabant</span> <span class='ocrx_word' id='word_1_597' title='bbox 1382 4047 1566 4109; x_wconf 88' lang='lat' dir='ltr'>proponerent</span> <span class='ocrx_word' id='word_1_598' title='bbox 1582 4039 1654 4108; x_wconf 89' lang='lat' dir='ltr'>quod</span> <span class='ocrx_word' id='word_1_599' title='bbox 1671 4048 1736 4095; x_wconf 91' lang='lat' dir='ltr'>tnnc</span> <span class='ocrx_word' id='word_1_600' title='bbox 1757 4055 1810 4094; x_wconf 92' lang='lat' dir='ltr'>non</span> <span class='ocrx_word' id='word_1_601' title='bbox 1829 4056 1881 4109; x_wconf 79' lang='lat' dir='ltr'>po-</span> 
     </span>
     <span class='ocr_line' id='line_1_88' title="bbox 1089 4129 1881 4201; baseline 0.001 -17"><span class='ocrx_word' id='word_1_602' title='bbox 1089 4137 1179 4186; x_wconf 92' lang='lat' dir='ltr'>terant</span> <span class='ocrx_word' id='word_1_603' title='bbox 1196 4133 1268 4201; x_wconf 92' lang='lat' dir='ltr'>quod</span> <span class='ocrx_word' id='word_1_604' title='bbox 1292 4132 1483 4201; x_wconf 76' lang='lat' dir='ltr'>injungebatur</span> <span class='ocrx_word' id='word_1_605' title='bbox 1510 4129 1634 4201; x_wconf 90' lang='lat' dir='ltr'>implere,</span> <span class='ocrx_word' id='word_1_606' title='bbox 1650 4130 1760 4199; x_wconf 91' lang='lat' dir='ltr'>qnidam</span> <span class='ocrx_word' id='word_1_607' title='bbox 1787 4139 1881 4185; x_wconf 85' lang='lat' dir='ltr'>tanteu</span> 
     </span>
     <span class='ocr_line' id='line_1_89' title="bbox 1088 4206 1881 4292; baseline -0.003 -14"><span class='ocrx_word' id='word_1_608' title='bbox 1088 4224 1114 4278; x_wconf 91' lang='lat' dir='ltr'>in</span> <span class='ocrx_word' id='word_1_609' title='bbox 1136 4221 1267 4291; x_wconf 85' lang='lat' dir='ltr'>judicium</span> <span class='ocrx_word' id='word_1_610' title='bbox 1293 4231 1322 4277; x_wconf 87' lang='lat' dir='ltr'>et</span> <span class='ocrx_word' id='word_1_611' title='bbox 1342 4221 1518 4292; x_wconf 83' lang='lat' dir='ltr'>praelatorum</span> <span class='ocrx_word' id='word_1_612' title='bbox 1542 4206 1670 4277; x_wconf 89' lang='lat' dir='ltr'>manibus</span> <span class='ocrx_word' id='word_1_613' title='bbox 1691 4223 1881 4292; x_wconf 76' lang='lat' dir='ltr'>resignarunt,</span> 
     </span>
    </p>
   </div>
   <div class='ocr_carea' id='block_1_17' title="bbox 1087 4310 1978 4384">
    <p class='ocr_par' dir='ltr' id='par_1_23' title="bbox 1087 4310 1978 4384">
     <span class='ocr_line' id='line_1_90' title="bbox 1087 4310 1978 4384; baseline 0.004 -20"><span class='ocrx_word' id='word_1_614' title='bbox 1087 4311 1281 4378; x_wconf 87' lang='lat' dir='ltr'>promittentes</span> <span class='ocrx_word' id='word_1_615' title='bbox 1292 4310 1407 4367; x_wconf 84' lang='lat' dir='ltr'>tirmiter</span> <span class='ocrx_word' id='word_1_616' title='bbox 1418 4314 1490 4384; x_wconf 94' lang='lat' dir='ltr'>quod</span> <span class='ocrx_word' id='word_1_617' title='bbox 1504 4313 1612 4368; x_wconf 83' lang='lat' dir='ltr'>residua</span> <span class='ocrx_word' id='word_1_618' title='bbox 1628 4312 1654 4367; x_wconf 91' lang='lat' dir='ltr'>in</span> <span class='ocrx_word' id='word_1_619' title='bbox 1669 4313 1805 4382; x_wconf 79' lang='lat' dir='ltr'>integrum</span> <span class='ocrx_word' id='word_1_620' title='bbox 1820 4322 1882 4384; x_wconf 89' lang='lat' dir='ltr'>post</span> <span class='ocrx_word' id='word_1_621' title='bbox 1968 4355 1978 4368; x_wconf 93' lang='lat'>.</span> 
     </span>
    </p>
   </div>
   <div class='ocr_carea' id='block_1_18' title="bbox 1089 4400 1882 4474">
    <p class='ocr_par' dir='ltr' id='par_1_24' title="bbox 1089 4400 1882 4474">
     <span class='ocr_line' id='line_1_91' title="bbox 1089 4400 1882 4474; baseline 0.003 -20"><span class='ocrx_word' id='word_1_622' title='bbox 1089 4400 1205 4454; x_wconf 88' lang='lat' dir='ltr'>retlitum</span> <span class='ocrx_word' id='word_1_623' title='bbox 1221 4401 1397 4456; x_wconf 88' lang='lat' dir='ltr'>restituerent</span> <span class='ocrx_word' id='word_1_624' title='bbox 1414 4410 1441 4456; x_wconf 88' lang='lat' dir='ltr'>et</span> <span class='ocrx_word' id='word_1_625' title='bbox 1457 4402 1490 4456; x_wconf 83' lang='lat' dir='ltr'>ab</span> <span class='ocrx_word' id='word_1_626' title='bbox 1501 4403 1541 4458; x_wconf 89' lang='lat' dir='ltr'>eis</span> <span class='ocrx_word' id='word_1_627' title='bbox 1556 4404 1589 4460; x_wconf 88' lang='lat' dir='ltr'>ad</span> <span class='ocrx_word' id='word_1_628' title='bbox 1600 4417 1668 4472; x_wconf 84' lang='lat' dir='ltr'>quos</span> <span class='ocrx_word' id='word_1_629' title='bbox 1680 4403 1819 4473; x_wconf 87' lang='lat' dir='ltr'>pertinent</span> <span class='ocrx_word' id='word_1_630' title='bbox 1832 4419 1882 4474; x_wconf 93' lang='lat' dir='ltr'>pa·</span> 
     </span>
    </p>
   </div>
   <div class='ocr_carea' id='block_1_19' title="bbox 1052 4492 1880 4568">
    <p class='ocr_par' dir='ltr' id='par_1_25' title="bbox 1052 4492 1880 4568">
     <span class='ocr_line' id='line_1_92' title="bbox 1052 4492 1880 4568; baseline 0.005 -20"><span class='ocrx_word' id='word_1_631' title='bbox 1052 4492 1167 4556; x_wconf 81' lang='lat' dir='ltr'>Dcihee</span> <span class='ocrx_word' id='word_1_632' title='bbox 1190 4493 1325 4563; x_wconf 88' lang='lat' dir='ltr'>possideri</span> <span class='ocrx_word' id='word_1_633' title='bbox 1348 4497 1538 4564; x_wconf 91' lang='lat' dir='ltr'>permitterent</span> <span class='ocrx_word' id='word_1_634' title='bbox 1552 4497 1677 4553; x_wconf 90' lang='lat' dir='ltr'>restituta</span> <span class='ocrx_word' id='word_1_635' title='bbox 1698 4515 1706 4552; x_wconf 73' lang='grc' dir='ltr'>ι</span> <span class='ocrx_word' id='word_1_636' title='bbox 1727 4498 1801 4568; x_wconf 92' lang='lat' dir='ltr'>quod</span> <span class='ocrx_word' id='word_1_637' title='bbox 1824 4513 1880 4552; x_wconf 92' lang='lat' dir='ltr'>non</span> 
     </span>
    </p>
   </div>
   <div class='ocr_carea' id='block_1_20' title="bbox 1089 4586 1883 5296">
    <p class='ocr_par' dir='ltr' id='par_1_26' title="bbox 1089 4586 1883 5296">
     <span class='ocr_line' id='line_1_93' title="bbox 1090 4586 1881 4657; baseline 0.006 -19"><span class='ocrx_word' id='word_1_638' title='bbox 1090 4587 1453 4657; x_wconf 88' lang='lat' dir='ltr'>oirscrraruntpostmodnm</span> <span class='ocrx_word' id='word_1_639' title='bbox 1465 4586 1626 4653; x_wconf 75' lang='lat' dir='ltr'>redeuntes,</span> <span class='ocrx_word' id='word_1_640' title='bbox 1645 4587 1700 4642; x_wconf 91' lang='lat' dir='ltr'>imo</span> <span class='ocrx_word' id='word_1_641' title='bbox 1727 4588 1881 4644; x_wconf 87' lang='lat' dir='ltr'>detinentes</span> 
     </span>
     <span class='ocr_line' id='line_1_94' title="bbox 1090 4677 1881 4747; baseline 0.001 -17"><span class='ocrx_word' id='word_1_642' title='bbox 1090 4677 1216 4746; x_wconf 77' lang='lat' dir='ltr'>predicta</span> <span class='ocrx_word' id='word_1_643' title='bbox 1236 4678 1327 4731; x_wconf 89' lang='lat' dir='ltr'>omnia</span> <span class='ocrx_word' id='word_1_644' title='bbox 1353 4677 1425 4732; x_wconf 88' lang='lat' dir='ltr'>sicut</span> <span class='ocrx_word' id='word_1_645' title='bbox 1448 4677 1534 4747; x_wconf 88' lang='lat' dir='ltr'>prius,</span> <span class='ocrx_word' id='word_1_646' title='bbox 1551 4691 1583 4731; x_wconf 90' lang='lat' dir='ltr'>ca</span> <span class='ocrx_word' id='word_1_647' title='bbox 1609 4679 1754 4733; x_wconf 87' lang='lat' dir='ltr'>restituere</span> <span class='ocrx_word' id='word_1_648' title='bbox 1770 4687 1881 4733; x_wconf 87' lang='lat' dir='ltr'>eontra·</span> 
     </span>
     <span class='ocr_line' id='line_1_95' title="bbox 1091 4765 1882 4826; baseline 0.003 -3"><span class='ocrx_word' id='word_1_649' title='bbox 1091 4768 1194 4825; x_wconf 79' lang='lat' dir='ltr'>dierunt.</span> <span class='ocrx_word' id='word_1_650' title='bbox 1221 4765 1300 4823; x_wconf 87' lang='lat' dir='ltr'>liade</span> <span class='ocrx_word' id='word_1_651' title='bbox 1326 4782 1376 4824; x_wconf 91' lang='lat' dir='ltr'>nos</span> <span class='ocrx_word' id='word_1_652' title='bbox 1398 4769 1600 4823; x_wconf 83' lang='lat' dir='ltr'>venerabilibus</span> <span class='ocrx_word' id='word_1_653' title='bbox 1626 4767 1757 4825; x_wconf 81' lang='lat' dir='ltr'>iratribus</span> <span class='ocrx_word' id='word_1_654' title='bbox 1778 4769 1882 4826; x_wconf 89' lang='lat' dir='ltr'>nostris</span> 
     </span>
     <span class='ocr_line' id='line_1_96' title="bbox 1091 4859 1883 4932; baseline 0.001 -16"><span class='ocrx_word' id='word_1_655' title='bbox 1091 4860 1221 4917; x_wconf 85' lang='lat' dir='ltr'>Thebano</span> <span class='ocrx_word' id='word_1_656' title='bbox 1232 4871 1262 4916; x_wconf 91' lang='lat' dir='ltr'>et</span> <span class='ocrx_word' id='word_1_657' title='bbox 1273 4859 1449 4931; x_wconf 87' lang='lat' dir='ltr'>Neopatrensi</span> <span class='ocrx_word' id='word_1_658' title='bbox 1461 4861 1676 4932; x_wconf 82' lang='lat' dir='ltr'>archiepiscopis</span> <span class='ocrx_word' id='word_1_659' title='bbox 1692 4862 1818 4917; x_wconf 88' lang='lat' dir='ltr'>dedimus</span> <span class='ocrx_word' id='word_1_660' title='bbox 1831 4878 1883 4917; x_wconf 88' lang='lat' dir='ltr'>no·</span> 
     </span>
     <span class='ocr_line' id='line_1_97' title="bbox 1090 4948 1880 5007; baseline 0 -3"><span class='ocrx_word' id='word_1_661' title='bbox 1090 4951 1156 5005; x_wconf 89' lang='lat' dir='ltr'>stris</span> <span class='ocrx_word' id='word_1_662' title='bbox 1169 4949 1268 5005; x_wconf 91' lang='lat' dir='ltr'>litteris</span> <span class='ocrx_word' id='word_1_663' title='bbox 1282 4949 1309 5003; x_wconf 94' lang='lat' dir='ltr'>in</span> <span class='ocrx_word' id='word_1_664' title='bbox 1321 4949 1456 5007; x_wconf 86' lang='lat' dir='ltr'>mandatis</span> <span class='ocrx_word' id='word_1_665' title='bbox 1480 4959 1510 5004; x_wconf 93' lang='lat' dir='ltr'>ut</span> <span class='ocrx_word' id='word_1_666' title='bbox 1533 4948 1691 5007; x_wconf 85' lang='lat' dir='ltr'>detentores</span> <span class='ocrx_word' id='word_1_667' title='bbox 1713 4952 1824 5006; x_wconf 86' lang='lat' dir='ltr'>eosdem</span> <span class='ocrx_word' id='word_1_668' title='bbox 1845 4949 1880 5004; x_wconf 89' lang='lat' dir='ltr'>ad</span> 
     </span>
     <span class='ocr_line' id='line_1_98' title="bbox 1090 5041 1880 5113; baseline 0.003 -16"><span class='ocrx_word' id='word_1_669' title='bbox 1090 5043 1428 5113; x_wconf 68' lang='lat' dir='ltr'>restitutionemintcgram</span> <span class='ocrx_word' id='word_1_670' title='bbox 1438 5043 1607 5098; x_wconf 90' lang='lat' dir='ltr'>detentorum</span> <span class='ocrx_word' id='word_1_671' title='bbox 1619 5059 1680 5098; x_wconf 90' lang='lat' dir='ltr'>enm</span> <span class='ocrx_word' id='word_1_672' title='bbox 1692 5041 1880 5099; x_wconf 77' lang='lat' dir='ltr'>satisfactione</span> 
     </span>
     <span class='ocr_line' id='line_1_99' title="bbox 1089 5134 1878 5207; baseline 0 -17"><span class='ocrx_word' id='word_1_673' title='bbox 1089 5146 1277 5207; x_wconf 89' lang='lat' dir='ltr'>perceptorum</span> <span class='ocrx_word' id='word_1_674' title='bbox 1296 5134 1435 5191; x_wconf 86' lang='lat' dir='ltr'>lruetuum</span> <span class='ocrx_word' id='word_1_675' title='bbox 1455 5137 1621 5205; x_wconf 87' lang='lat' dir='ltr'>competenti</span> <span class='ocrx_word' id='word_1_676' title='bbox 1645 5137 1793 5190; x_wconf 82' lang='lat' dir='ltr'>ttttntitione</span> <span class='ocrx_word' id='word_1_677' title='bbox 1806 5151 1878 5206; x_wconf 77' lang='lat' dir='ltr'>prae·</span> 
     </span>
     <span class='ocr_line' id='line_1_100' title="bbox 1091 5225 1879 5296; baseline -0.004 -13"><span class='ocrx_word' id='word_1_678' title='bbox 1091 5228 1173 5283; x_wconf 78' lang='lat' dir='ltr'>inissa</span> <span class='ocrx_word' id='word_1_679' title='bbox 1198 5242 1246 5296; x_wconf 84' lang='lat' dir='ltr'>per</span> <span class='ocrx_word' id='word_1_680' title='bbox 1272 5240 1416 5283; x_wconf 88' lang='lat' dir='ltr'>censuram</span> <span class='ocrx_word' id='word_1_681' title='bbox 1438 5227 1662 5292; x_wconf 87' lang='lat' dir='ltr'>eeclesiasticam,</span> <span class='ocrx_word' id='word_1_682' title='bbox 1688 5228 1759 5281; x_wconf 92' lang='lat' dir='ltr'>sieut</span> <span class='ocrx_word' id='word_1_683' title='bbox 1775 5225 1879 5295; x_wconf 83' lang='lat' dir='ltr'>justum</span> 
     </span>
    </p>
   </div>
   <div class='ocr_carea' id='block_1_21' title="bbox 1090 5317 1975 5390">
    <p class='ocr_par' dir='ltr' id='par_1_27' title="bbox 1090 5317 1975 5390">
     <span class='ocr_line' id='line_1_101' title="bbox 1090 5317 1975 5390; baseline 0.005 -15"><span class='ocrx_word' id='word_1_684' title='bbox 1090 5317 1881 5390; x_wconf 80' lang='lat' dir='ltr'>interit,appellationeremota,eompellant.Quocircaex·</span> <span class='ocrx_word' id='word_1_685' title='bbox 1969 5371 1975 5379; x_wconf 93' lang='lat'>.</span> 
     </span>
    </p>
   </div>
   <div class='ocr_carea' id='block_1_22' title="bbox 1090 5412 1880 5667">
    <p class='ocr_par' dir='ltr' id='par_1_28' title="bbox 1090 5412 1880 5667">
     <span class='ocr_line' id='line_1_102' title="bbox 1090 5412 1880 5489; baseline -0.005 -20"><span class='ocrx_word' id='word_1_686' title='bbox 1090 5412 1243 5489; x_wconf 83' lang='lat' dir='ltr'>cellentiatn</span> <span class='ocrx_word' id='word_1_687' title='bbox 1258 5421 1332 5468; x_wconf 88' lang='lat' dir='ltr'>tuam</span> <span class='ocrx_word' id='word_1_688' title='bbox 1358 5426 1500 5469; x_wconf 90' lang='lat' dir='ltr'>monemus</span> <span class='ocrx_word' id='word_1_689' title='bbox 1526 5413 1658 5469; x_wconf 84' lang='lat' dir='ltr'>attentius</span> <span class='ocrx_word' id='word_1_690' title='bbox 1684 5421 1714 5470; x_wconf 86' lang='lat' dir='ltr'>et</span> <span class='ocrx_word' id='word_1_691' title='bbox 1736 5415 1880 5476; x_wconf 81' lang='lat' dir='ltr'>hortamur</span> 
     </span>
     <span class='ocr_line' id='line_1_103' title="bbox 1090 5503 1880 5576; baseline -0.001 -17"><span class='ocrx_word' id='word_1_692' title='bbox 1090 5513 1223 5574; x_wconf 89' lang='lat' dir='ltr'>quatenus</span> <span class='ocrx_word' id='word_1_693' title='bbox 1235 5503 1392 5560; x_wconf 87' lang='lat' dir='ltr'>detentores</span> <span class='ocrx_word' id='word_1_694' title='bbox 1412 5504 1558 5576; x_wconf 84' lang='lat' dir='ltr'>praedictos</span> <span class='ocrx_word' id='word_1_695' title='bbox 1576 5505 1611 5563; x_wconf 87' lang='lat' dir='ltr'>ad</span> <span class='ocrx_word' id='word_1_696' title='bbox 1632 5506 1685 5564; x_wconf 88' lang='lat' dir='ltr'>hoc</span> <span class='ocrx_word' id='word_1_697' title='bbox 1710 5506 1809 5564; x_wconf 84' lang='lat' dir='ltr'>tradita</span> <span class='ocrx_word' id='word_1_698' title='bbox 1830 5503 1880 5560; x_wconf 90' lang='lat' dir='ltr'>tibi</span> 
     </span>
     <span class='ocr_line' id='line_1_104' title="bbox 1090 5595 1392 5667; baseline -0.007 -15"><span class='ocrx_word' id='word_1_699' title='bbox 1090 5605 1224 5667; x_wconf 87' lang='lat' dir='ltr'>potestate</span> <span class='ocrx_word' id='word_1_700' title='bbox 1238 5595 1392 5665; x_wconf 87' lang='lat' dir='ltr'>compellas.</span> 
     </span>
    </p>
   </div>
   <div class='ocr_carea' id='block_1_23' title="bbox 0 0 2060 6324">
    <p class='ocr_par' dir='ltr' id='par_1_29' title="bbox 0 0 2060 6324">
     <span class='ocr_line' id='line_1_105' title="bbox 0 0 2060 6324; baseline 0 0"><span class='ocrx_word' id='word_1_701' title='bbox 0 0 2060 6324; x_wconf 95' lang='lat' dir='ltr'> </span> 
     </span>
    </p>
   </div>
  </div>
 </body>
</html>
