4109 6325
263 352 311 410 iii
707 344 903 405 innocente
921 340 954 400 ΙΙΙ
974 342 1027 403 ΡΡ.
1048 339 1284 401 uecdstottttt
1303 338 1367 397 tte.
1387 338 1445 398 xil.
1840 346 1894 399 tas

259 466 420 523 settislcecrlt
432 469 626 531 competenter,
642 472 695 513 uon
710 461 745 514 sit
761 462 812 517 bae
826 460 1050 515 excommonica-
1062 462 1086 526 Α
1100 474 1148 515 nes
1158 458 1205 530 qui
1220 458 1246 514 ei
1260 458 1332 515 sicut
1344 457 1430 528 ipsios
1443 454 1567 526 qastaldo
1580 455 1623 513 vel
1639 455 1730 527 bajulo
1743 457 1778 512 de
1792 467 1893 513 cetero

260 562 335 615 tiorre
349 556 461 627 ligatum,¹
478 553 596 621 alioquin
614 560 668 607 tant
683 552 741 622 ipse
756 567 838 623 quarn
857 562 928 607 terra
950 550 1047 621 ipsius,
1100 550 1303 619 responderent.
1324 546 1421 603 llttlms
1442 544 1510 600 alles
1531 561 1639 617 qnoque
1660 548 1765 603 nobiles
1783 556 1811 603 et
1828 549 1893 603 bur-

261 662 290 706 ut
303 664 382 719 supra
404 646 530 709 diximus,
545 654 573 698 et
599 644 888 701 excommunicationis
911 654 939 699 et
964 644 1049 698 iuter-
1098 654 1195 711 genses
1213 639 1397 695 Massilienses
1413 638 1547 695 sententia
1565 638 1661 695 eadem
1675 637 1830 709 ligavimus,
1845 641 1892 711 qni

261 736 473 797 dictisenteutia
490 744 627 789 terreatur.
645 736 712 804 linia
740 736 831 807 igitur,
848 735 1046 801 sanctel‘ater,
1099 731 1199 799 dictum
1226 729 1405 785 lloncelinnm
1436 730 1463 785 in
1491 744 1541 785 sua
1566 728 1711 799 iniquitate
1734 729 1893 785 (iciendum.

240 835 376 890 'ueridica
392 829 537 885 mmmmm
563 829 695 885 minione
711 829 855 887 didicimus
870 829 942 901 quod
956 842 1049 884 comcs
1097 820 1242 878 divitatem
1268 820 1462 875 Massiliensem
1491 820 1618 875 similiter
1642 835 1675 876 ac
1699 829 1785 877 totam
1811 821 1893 875 aliam

260 927 317 995 lpse
328 925 360 979 ad
374 923 466 978 sedem
481 932 523 977 est
541 922 716 992 apostolicam
733 936 906 987 accessurus,
921 930 950 977 ιιι
963 921 1048 977 iuter·
1099 922 1201 969 terram
1215 913 1353 969 lloncclioi
1364 913 1485 985 praedicti
1503 912 1691 969 ecclesiastico
1704 913 1895 983 supposuimus

259 1014 382 1071 cessione
397 1010 510 1069 illustris
525 1014 596 1081 repis
612 1013 730 1082 ottonis,
746 1015 816 1085 regis
830 1029 939 1084 quoque
961 1014 1048 1070 Fran·
1098 1006 1244 1061 interdicto
1255 1020 1305 1076 pro
1320 1019 1352 1061 eo
1368 1004 1440 1074 qnod
1457 1005 1583 1059 currulem
1597 1002 1774 1059 lioneelinum
1787 1005 1822 1059 de
1835 1020 1894 1059 mo-

258 1108 317 1175 qlae,
333 1104 497 1175 aeplili'iitttl
512 1109 639 1172 lilt'ot'tiitl,
658 1106 692 1162 de
711 1120 828 1176 (priorum
847 1105 992 1162 dilectione
1017 1120 1048 1163 sq
1098 1098 1218 1153 nestorio
1229 1112 1279 1167 per
1289 1096 1444 1152 violentiam
1459 1102 1646 1158 extraxerunt,
1657 1105 1686 1149 el
1700 1094 1789 1165 ipsum
1802 1096 1830 1149 iu
1844 1109 1895 1150 sila

256 1198 351 1269 jactat,
366 1207 445 1253 terrm
460 1213 525 1262 surm,
541 1210 600 1268 quse
614 1203 669 1251 tota
691 1212 759 1267 penc
772 1198 798 1253 iu
813 1197 938 1254 munibus
949 1196 1048 1254 restria
1099 1190 1200 1245 nralitia
1211 1197 1239 1245 et
1249 1187 1399 1260 pertinacia
1412 1200 1494 1241 manu
1508 1193 1663 1252 tenuemnt,
1679 1185 1824 1256 bucusque
1834 1185 1895 1254 eins

259 1289 394 1355 consistit,
412 1288 608 1343 restitutionem
628 1288 750 1343 obtineat
787 1297 815 1344 et
839 1287 880 1344 sie
904 1298 976 1343 esset
996 1303 1048 1343 oo·
1099 1281 1247 1335 dominium
1271 1289 1346 1335 tanto
1372 1288 1494 1349 ‘elilim
1510 1277 1688 1334 illimem·
1707 1277 1773 1332 ¹2⁰¹
1795 1293 1846 1347 ll¹⁰
1862 1292 1896 1333 0⁰

259 1386 387 1436 sissimus
400 1394 478 1435 error
494 1380 573 1451 toroge
588 1380 678 1449 priore
700 1379 830 1448 «veterior,
851 1382 933 1436 tortus
946 1379 1048 1450 negotii
1099 1370 1171 1439 qum
1187 1370 1342 1425 violentiam
1352 1383 1434 1439 quam
1450 1368 1606 1424 nominibus
1618 1367 1897 1437 montispessulanae

258 1470 403 1523 veritatem
418 1478 515 1525 vestre
526 1467 679 1525 sanctitatis
694 1466 806 1526 auribus
819 1471 945 1527 duximus
958 1470 1048 1525 decla·
1099 1460 1251 1531 peregrinis
1263 1468 1318 1515 tam
1333 1459 1361 1515 in
1372 1460 1452 1515 rebus
1463 1474 1544 1528 quarn
1563 1458 1590 1513 in
1602 1458 1726 1529 personis
1739 1458 1809 1514 idem
1821 1459 1896 1517 lece-

259 1558 436 1625 rantlam;ut
458 1558 480 1613 si
502 1558 593 1613 lurrsun
621 1560 693 1615 idem
724 1576 815 1617 comes
844 1560 877 1615 ud
906 1575 963 1626 uuis,
979 1560 1049 1615 siqua
1101 1551 1387 1608 ratllonceliousnon
1406 1550 1688 1622 proltibuerunt,eum
1705 1560 1828 1623 possent.
1841 1550 1898 1609 Pre

259 1657 393 1717 speratur,
409 1649 567 1715 accesserit,
586 1650 612 1704 io
625 1663 783 1706 successore
794 1648 866 1705 Petri
883 1656 975 1721 petras,
989 1664 1048 1719 qua
1100 1661 1134 1701 eo
1146 1648 1230 1701 ctiam
1242 1648 1313 1717 quod
1327 1660 1358 1701 ca
1371 1662 1431 1717 que
1444 1654 1546 1704 statuta
1561 1645 1669 1703 luerunt
1682 1648 1752 1717 apud
1764 1646 1896 1703 &netum

259 1738 383 1793 cbristus
394 1748 446 1804 cst,
459 1740 578 1796 inveniat
591 1739 757 1804 firmitatem,
767 1739 950 1795 indubitanter
962 1740 1049 1794 scien·
1100 1736 1236 1807 Epidium
1259 1751 1309 1803 pro
1329 1736 1421 1807 quiete
1439 1751 1471 1793 ac
1490 1745 1562 1791 statu
1584 1736 1670 1792 totius
1681 1735 1832 1793 Provinciae
1847 1750 1898 1791 ao-

260 1838 301 1885 tes
316 1829 387 1899 quod
406 1844 458 1899 per
476 1831 525 1885 liei
546 1846 577 1887 ac
604 1840 722 1886 vestram
752 1832 867 1901 qratiam
892 1830 982 1884 taliter
1006 1838 1048 1886 est
1063 1813 1086 1868 Β
1099 1826 1209 1885 luerunt
1227 1828 1298 1883 sicut
1309 1827 1370 1883 aliae
1384 1827 1510 1883 civitates
1528 1835 1656 1883 etcastra
1672 1827 1777 1896 jurare.
1794 1826 1898 1883 Praela-

259 1920 358 1989 liqaius
371 1921 443 1989 quod
462 1922 591 1992 deinceps
609 1922 786 1978 recalcitrare
804 1935 856 1975 uon
873 1921 974 1991 peterit
998 1934 1050 1975 nce
1100 1929 1144 1975 tus
1156 1918 1376 1974 etiamtiomious
1386 1917 1471 1974 abbas
1483 1918 1518 1973 rie
1533 1918 1648 1974 consilio
1660 1917 1783 1975 omnium
1797 1916 1897 1988 praia-

259 2014 358 2069 vcstris
372 2012 650 2082 sauctisjussionibus
663 2013 846 2083 olisiarcnisi
864 2013 964 2078 lorsan,
976 2012 1050 2082 quod
1100 2021 1190 2071 torum
1211 2009 1341 2067 Ecclesiae
1361 2011 1407 2082 qui
1425 2010 1574 2067 lucrantia
1592 2011 1713 2068 exercitu
1726 2011 1897 2081 cooqreqati,

259 2103 331 2159 netu
348 2114 463 2168 avertat,
480 2105 641 2175 quodcirca
657 2104 745 2175 ipsum
763 2102 925 2159 factumest
943 2103 1050 2172 aliquo·
1100 2103 1227 2162 eonsules
1238 2111 1266 2159 et
1275 2102 1445 2159 consiliarios
1452 2102 1899 2160 Tolosanosexcommunicationis

260 2210 319 2249 rum
329 2194 824 2251 instantiadissoluatur.llonccliottnr
838 2208 945 2265 quoque
956 2192 1051 2248 Sancti
1100 2196 1237 2253 sententia
1263 2195 1405 2251 innodavit
1432 2203 1518 2251 totam
1544 2195 1683 2251 civitatem
1709 2195 1900 2255 emtestauice

260 2286 378 2341 ilictoris
392 2284 569 2341 ilassilicosis
585 2286 747 2341 ntouaclutm
757 2294 909 2355 apostatam
919 2292 946 2337 et
959 2281 1050 2351 perju-
1102 2285 1243 2357 supposuit
1261 2286 1417 2351 interdicto,
1436 2300 1486 2355 pro
1501 2301 1533 2342 eo
1551 2287 1624 2357 quod
1637 2287 1782 2343 baereticae
1796 2297 1824 2343 et
1838 2302 1898 2343 ere·

259 2372 1051 2435 rumineodemconcilioanathematizavimusetmaledixi·
1104 2376 1210 2441 dentes,
1223 2389 1339 2445 qnorum
1352 2374 1389 2431 ibi
1400 2384 1442 2430 est
1454 2376 1572 2431 maxima
1585 2374 1736 2441 multitudo,
1750 2376 1897 2433 noluerunt

260 2482 331 2532 ntus,
347 2483 399 2523 noo
420 2468 506 2523 solum
529 2480 639 2541 propter
657 2467 804 2537 quanulam
825 2468 942 2523 nobilem
965 2480 1048 2535 qnam
1103 2480 1166 2520 cum
1185 2466 1266 2521 rebus
1286 2466 1343 2519 suis
1361 2464 1397 2520 ad
1416 2464 1558 2522 arbitrium
1586 2468 1694 2521 tradere
1716 2467 1898 2536 signatorum.

261 2560 388 2621 traduxit.
407 2558 453 2615 sed
468 2567 580 2631 propter
595 2561 662 2617 alias
678 2576 775 2617 causas
790 2559 953 2629 multiplices
968 2572 1048 2627 quas,
1105 2555 1169 2613 llaec
1186 2556 1257 2622 ideo,
1271 2555 1352 2611 Pater
1363 2563 1469 2622 sancte,
1483 2557 1581 2612 vestris
1592 2557 1704 2613 auribus
1716 2556 1843 2611 duximus
1854 2556 1898 2609 in«

260 2662 322 2703 uttan
338 2650 392 2705 sini
404 2651 529 2714 notoriae,
546 2666 743 2722 supervacuum
758 2651 894 2706 credimus
908 2663 1049 2705 enarrare.
1104 2646 1234 2719 timenda,
1250 2646 1312 2701 uisi
1328 2645 1421 2701 lorsan
1435 2645 1517 2717 aliqui
1529 2647 1718 2715 predictorum
1732 2648 1766 2703 ati
1778 2661 1899 2716 praesen-

261 2738 400 2809 lluqonem
419 2738 500 2794 etiam
522 2740 609 2795 lerum
631 2739 782 2795 castaldum
806 2740 891 2810 ipsius
910 2737 1051 2796 llouceliui
1094 2736 1170 2805 ,tiam
1190 2746 1309 2793 vestram
1331 2738 1456 2795 miserint
1474 2739 1516 2795 vel
1529 2741 1703 2804 accesserint,
1725 2741 1759 2796 dc
1778 2741 1822 2797 bis
1837 2752 1900 2811 qum

260 2846 308 2889 seu
323 2834 441 2902 baiulum
455 2834 750 2889 excommunicavimus
763 2832 933 2897 noruiuatim,
946 2840 974 2887 el
989 2846 1050 2884 om·
1104 2840 1165 2887 acta
1181 2838 1244 2886 sunt
1254 2832 1327 2886 eirca
1343 2844 1390 2887 eos
1404 2830 1499 2887 sciatis
1509 2831 1616 2903 plenius
1630 2834 1782 2889 veritatem.

1003 2942 1171 2960 m

283 3050 424 3112 Foullll
446 3024 673 3114 tonu'tttttt'tt
696 3048 902 3121 escondit,
925 3046 1170 3123 divinatati,
1194 3030 1459 3125 attendatque
1484 3052 1687 3127 LOCORUM,
1718 3054 1880 3118 bodillo

927 3128 1043 3190 PAPAE
1064 3128 1216 3190 onuba.

1051 3254 1086 3274 -q

296 3341 360 3396 Can.
380 3338 400 3394 l.
421 3337 572 3394 innomine
589 3340 705 3395 burmiul.
724 3339 802 3395 llnnc
818 3341 1086 3410 pontillcatustlo-(l
1102 3349 1226 3396 nostrum
1249 3338 1402 3394 districtum
1431 3337 1623 3396 iuviolabiliter
1644 3339 1797 3396 observari.
1827 3339 1896 3394 item

262 3410 326 3464 utini
343 3409 488 3464 iunocentii
502 3424 576 3492 papae
595 3408 625 3464 lll
642 3409 821 3468 duoteeimo.
839 3425 884 3464 ruv
902 3409 961 3466 llal.
976 3410 1050 3467 lolii.
1102 3411 1216 3534 perlaffiia
1229 3423 1276 3464 seu
1289 3409 1414 3480 guidagia
1426 3409 1468 3463 vel
1482 3409 1638 3464 exactiones
1652 3411 1759 3480 aliquas
1772 3424 1788 3464 a
1805 3419 1895 3464 trans·

259 3479 317 3536 ilos
339 3479 464 3534 corisules
485 3478 555 3534 rrllae
576 3478 669 3534 Sancti
692 3479 792 3550 AEgidii
813 3480 847 3534 tle
868 3494 1001 3536 rotrscnsu
1024 3491 1053 3537 et
1103 3481 1176 3535 marti
1198 3495 1230 3534 us
1240 3495 1289 3550 per
1298 3485 1400 3534 stratus
1411 3478 1452 3534 vel
1465 3479 1546 3533 etiam
1558 3493 1606 3550 per
1620 3479 1730 3535 domina
1742 3479 1897 3534 nullatenus

261 3549 399 3605 volutttate
415 3545 516 3604 domiui
530 3547 682 3619 Raymuntli
703 3549 810 3604 orturitis
832 3549 958 3604 Tolumni
983 3566 1053 3620 prae-
1103 3551 1279 3618 accipiemus‚
1300 3548 1351 3604 nisi
1370 3563 1431 3618 qnae
1451 3547 1493 3604 vel
1511 3563 1580 3619 quas
1601 3550 1713 3620 antiqua
1736 3564 1830 3621 regum
1853 3548 1898 3604 vel

262 3621 319 3675 eise
327 3617 450 3687 jurumtm
462 3633 543 3687 super
554 3629 647 3674 salicta
663 3617 710 3674 liei
723 3617 867 3686 Evartqelia
883 3635 962 3672 turano
981 3627 1052 3674 tacta
1104 3620 1299 3688 imperatorum
1327 3617 1505 3674 concessione
1528 3620 1680 3675 constiterit
1709 3634 1758 3674 nos
1783 3620 1895 3674 babere.

262 3689 310 3744 tibi
324 3689 452 3758 magistro
466 3688 556 3743 lliloni
568 3688 669 3743 domiui
681 3703 756 3758 popm
770 3688 885 3755 oraturio,
899 3689 1054 3756 apostolicae
1104 3689 1170 3743 lteut
1187 3689 1317 3744 ecclesias
1334 3701 1430 3742 omncs
1448 3697 1475 3743 et
1495 3688 1589 3745 domos
1602 3690 1745 3762 religiosas
1759 3689 1786 3743 in
1800 3698 1896 3744 nostro

263 3759 335 3814 oeulis
353 3757 457 3830 loquio,
472 3759 544 3828 quod
558 3760 628 3814 bona
646 3758 707 3822 ude,
722 3760 781 3812 siue
794 3760 867 3812 omni
885 3759 956 3814 roale
972 3759 1050 3828 iuge·
1104 3758 1229 3813 districtu
1246 3770 1299 3813 tam
1312 3758 1339 3812 in
1355 3756 1417 3813 villa
1431 3773 1512 3880 quiam
1526 3770 1603 3814 extra
1620 3761 1647 3813 in
1666 3759 1787 3830 plenaria
1800 3771 1895 3814 serra·

260 3829 318 3894 oio,
333 3837 360 3882 et
374 3831 433 3884 sine
446 3828 519 3883 omni
535 3828 630 3882 lramle
648 3829 820 3884 cottsulcmus
835 3838 862 3882 et
877 3843 987 3898 operam
1004 3829 1053 3882 tia·
1103 3827 1192 3883 bimus
1212 3827 1355 3900 libertate;
1378 3827 1440 3882 virle
1453 3829 1505 3883 icet
1527 3831 1599 3898 quod
1621 3831 1656 3884 ab
1678 3831 1718 3890 eis
1735 3829 1894 3883 exactiones

262 3899 415 3966 bimuspro
428 3911 508 3965 posse
522 3906 616 3954 nostro
631 3898 703 3966 quod
718 3896 807 3951 dictus
821 3896 947 3952 domium
960 3913 1053 3954 comes
1104 3897 1208 3966 aliqnas
1221 3912 1269 3954 seu
1285 3897 1373 3954 tallias
1387 3897 1542 3953 nullatenus
1555 3899 1707 3970 exigemus,
1720 3907 1749 3953 et
1760 3897 1898 3953 defunctis

261 3977 317 4026 tum
329 3981 377 4036 pcr
388 3981 418 4022 se
433 3981 512 4033 quom
523 3983 576 4088 Fer
585 3981 758 4022 successores
772 3981 836 4022 suos
849 3979 931 4034 super
949 3967 981 4021 lis
994 3981 1053 4022 otrt-
1103 3982 1197 4025 earum
1215 3968 1315 4024 abbate
1328 3967 1371 4022 uel
1386 3966 1447 4020 aliis
1461 3967 1631 4033 rectoribus,
1651 3968 1723 4038 ipsas
1738 3967 1781 4020 vcl
1799 3966 1894 4022 doctos

264 4037 344 4098 pibus
356 4035 511 4108 proquibus
534 4039 575 4091 uit
584 4036 845 4100 excommunicatus,
857 4050 918 4104 quae
927 4037 1053 4092 videlieet
1102 4053 1199 4094 earum
1212 4038 1286 4094 nullo
1298 4037 1378 4092 morlo
1395 4037 1583 4105 spoliabimus,
1598 4053 1648 4092 nec
1662 4035 1892 4093 atlnriuistratioui

262 4115 435 4174 exponuntur
445 4105 471 4159 in
486 4105 572 4160 lorma
587 4105 734 4161 secundum
747 4119 828 4174 quam
842 4104 898 4176 ipse
908 4114 1053 4174 autequam
1104 4122 1197 4164 earum
1211 4123 1258 4164 seu
1269 4107 1399 4162 custodiae
1409 4109 1554 4162 occasione
1563 4106 1677 4176 alicujus
1687 4105 1895 4162 consuetudinis

262 4173 449 4230 absolveretur
459 4175 573 4243 iutrarit,
594 4182 690 4245 pareat
710 4176 836 4230 omnibus
854 4175 989 4230 mandatis
1002 4175 1054 4232 lic-
1104 4178 1147 4234 rel
1158 4177 1247 4247 aliqua
1263 4177 1330 4240 alia;
1348 4177 1399 4230 nisi
1415 4174 1484 4232 lorte
1502 4177 1588 4247 rogati
1604 4178 1638 4232 ab
1650 4179 1750 4240 abbate,
1765 4176 1806 4231 vel
1821 4173 1895 4242 capi-

263 4245 369 4303 olesiae‚
389 4255 417 4300 et
435 4245 506 4314 quod
527 4261 558 4300 ea
578 4247 604 4300 iu
621 4261 668 4316 por
688 4253 780 4299 etuttm
800 4253 908 4310 servet,
924 4245 960 4299 ita
978 4255 1008 4300 ut
1029 4247 1052 4303 si
1105 4249 1172 4311 tulo,
1184 4261 1233 4301 nos
1244 4245 1469 4312 immiscebimns;
1484 4248 1531 4302 sed
1542 4246 1633 4300 corula
1644 4251 1703 4303 siue
1714 4244 1897 4300 diminutione

264 4312 456 4385 qnodillorum
469 4261 1052 4381 uonleceritvrrcontraveneritmanifeste,
1104 4319 1195 4388 aliqua
1217 4315 1408 4370 detunctorum
1430 4315 1633 4372 successoribus
1657 4325 1842 4377 reserrentur,
1866 4322 1896 4366 ct

264 4385 350 4438 nosci
363 4385 465 4438 nullum
478 4384 619 4440 eorrsilium
633 4385 676 4439 vel
689 4383 877 4439 atrtiliumseu
892 4385 940 4440 obs
979 4386 1053 4441 uinm
1104 4385 1229 4444 electioni
1249 4383 1356 4440 abbatis
1378 4383 1419 4440 vel
1441 4386 1553 4440 alterius
1577 4387 1691 4441 rectoris
1709 4383 1839 4440 Ecclesiae
1854 4382 1895 4436 ia-

257 4468 314 4523 rper
326 4468 376 4509 uos
388 4455 428 4508 vel
441 4467 489 4523 per
501 4453 624 4511 ltotuiocs
635 4455 692 4510 sive
709 4453 812 4510 anricus
825 4465 932 4511 nostros
950 4471 964 4509 a
978 4458 1054 4524 iqua·
1104 4455 1208 4514 ciendae
1222 4469 1270 4523 per
1280 4469 1329 4509 nos
1343 4455 1383 4511 vel
1395 4469 1443 4523 per
1453 4470 1642 4525 quamcunque
1654 4456 1734 4511 aliam
1749 4468 1894 4525 personatu

264 4533 344 4579 tenus
359 4523 561 4592 impendemus,
577 4526 693 4581 scientes
706 4538 738 4580 ex
754 4525 805 4580 lme
819 4525 877 4594 ipso
892 4523 956 4580 dicti
969 4526 1054 4581 eonii·
1105 4541 1154 4583 uos
1170 4526 1324 4580 nullatenus
1343 4524 1574 4590 immiscebimus,
1593 4538 1644 4580 nce
1659 4526 1777 4594 aliquam
1792 4523 1895 4578 violen-

265 4592 299 4646 tis
311 4593 410 4649 delicto
424 4594 561 4651 absolutos
578 4611 628 4651 utos
642 4609 702 4650 esse
715 4608 731 4647 a
746 4593 882 4660 lidelitste,
904 4595 926 4651 si
946 4611 997 4662 qua
1011 4597 1053 4649 rcl
1106 4599 1170 4652 tiam
1185 4595 1315 4651 iaciemus
1333 4595 1375 4650 vel
1388 4594 1609 4664 impedimentum
1629 4595 1816 4665 prestabimus
1827 4606 1896 4660 que-

265 4663 379 4719 servitio
398 4663 436 4718 illi
459 4664 513 4720 ullo
533 4666 613 4720 modo
639 4665 807 4720 tenebamur.
832 4663 889 4720 lmo
912 4679 1053 4734 quousque
1069 4689 1091 4744 ῃ
1105 4667 1196 4722 minus
1217 4665 1314 4722 electio
1331 4666 1461 4721 canonice
1479 4679 1513 4721 ae
1532 4664 1618 4722 libere
1638 4666 1801 4721 celebretur.
1826 4662 1894 4716 ltent

264 4731 343 4800 plene
366 4733 498 4802 paruerit,
523 4734 653 4790 iaciemus
676 4743 770 4789 contra
792 4735 879 4803 ipsum
899 4749 947 4804 pro
973 4751 1052 4804 posse
1105 4751 1199 4808 pacem
1222 4751 1270 4792 seu
1291 4744 1423 4806 treugam,
1442 4735 1513 4790 sieut
1532 4733 1611 4792 nobis
1630 4734 1780 4802 iniunctum
1799 4732 1895 4795 luserit,

263 4811 357 4858 rtosmo
371 4804 499 4874 quidquid
516 4805 636 4861 lloutaua
657 4804 775 4860 Ecclesia
793 4805 835 4860 uel
859 4806 918 4875 ejus
942 4805 1053 4858 tututius
1106 4813 1175 4864 bona
1191 4808 1243 4863 lide
1256 4804 1469 4860 observabimus.
1480 4804 1547 4860 ltem
1559 4804 1582 4860 sl
1593 4805 1677 4860 abbas
1691 4805 1733 4860 vel
1746 4803 1893 4873 capitutum

263 4873 323 4926 sive
343 4871 446 4928 leatus
470 4873 547 4930 uobis
568 4875 737 4930 mandaverit
758 4871 926 4940 laciendum,
950 4876 1054 4928 ttotmb-
1105 4878 1147 4932 vel
1158 4877 1211 4932 alla
1221 4890 1336 4946 persona
1348 4873 1533 4931 ecclesiastica
1548 4875 1625 4929 nobis
1634 4875 1740 4945 aliquos
1750 4873 1894 4929 lucreticos

265 4951 357 4998 stacte
370 4889 502 4999 fidelitate
521 4945 563 5000 rel
585 4947 644 5001 ’ure
662 4945 755 5013 aliquo
769 4943 811 4998 vel
824 4944 944 5007 servitio,
961 4944 983 5000 si
999 4958 1053 5011 quo
1106 4947 1285 5002 nominaverit
1299 4944 1340 4999 vel
1354 4943 1507 5011 eredentes,
1523 4942 1566 4999 vel
1579 4959 1628 5012 per
1646 4944 1826 5012 nosmetipsos
1845 4956 1895 4996 co·

264 5009 316 5080 ipsi
344 5011 398 5068 ullo
418 5015 499 5070 morlo
522 4964 695 5079 terrebamur:
720 5029 734 5068 a
758 5026 812 5082 quo
836 5022 891 5067 tam
917 5023 944 5068 tu
970 5027 1052 5083 quam
1124 5023 1236 5072 noscere
1254 5015 1403 5086 poterimus
1423 5014 1528 5084 aliquos
1543 5013 1666 5070 heresim
1685 5014 1834 5084 praetlicare
1851 5012 1895 5066 vel

264 5081 355 5138 dietus
369 5098 460 5139 comes
480 5099 530 5141 nos
551 5085 704 5140 absolvistis
725 5089 752 5136 et
770 5081 919 5148 absolvitis,
940 5081 966 5138 si
983 5081 1054 5138 lot-te
1117 5102 1197 5143 acere
1216 5083 1401 5140 cortvctrticula
1421 5084 1521 5154 aliqua,
1545 5083 1618 5154 ipsos
1636 5098 1832 5154 persequemur
1850 5097 1896 5138 se-

265 5149 335 5220 ipse,
352 5160 383 5207 ut
396 5153 497 5210 dictum
512 5163 564 5223 est,
580 5160 675 5210 eontra
690 5162 822 5221 precepta
838 5167 897 5222 qum
912 5153 963 5208 sibi
982 5151 1052 5208 laeta
1106 5160 1223 5214 cundum
1235 5155 1367 5227 legitimas
1378 5156 1543 5217 sanctiones,
1556 5164 1585 5208 ct
1595 5168 1688 5210 eorum
1702 5154 1772 5210 bona
1784 5151 1896 5209 inlisca·

265 5231 330 5276 sunt
347 5222 390 5278 vel
410 5222 512 5280 luerim
525 5225 630 5281 venerit
643 5221 797 5278 urattiieste.
816 5219 892 5277 Tune
905 5223 988 5278 etiam
1004 5237 1053 5292 pro
1100 5229 1201 5284 birrus.
1220 5225 1283 5282 liare
1299 5235 1389 5279 autem
1407 5225 1498 5279 omnia
1512 5225 1625 5295 singulis
1639 5224 1718 5280 anuis
1732 5237 1895 5292 porretanus

264 5289 325 5359 jure
337 5294 396 5349 sive
408 5295 531 5362 servitio,
544 5297 567 5351 si
581 5293 652 5366 quod
669 5293 697 5348 in
713 5290 785 5346 villis
800 5293 884 5346 nostri
898 5294 1054 5350 consulatus
1102 5298 1210 5352 altbatis
1223 5296 1309 5351 nestri
1327 5309 1499 5350 successores
1517 5305 1625 5352 nostros
1639 5295 1732 5365 iurare
1749 5293 1892 5348 iaciemus.

264 5369 293 5413 et
305 5361 433 5418 Ecclesia
447 5364 542 5421 Sancti
555 5361 666 5430 AEpidii,
680 5361 785 5419 seilicet
799 5362 826 5415 in
840 5361 902 5417 vil'a
916 5361 1049 5418 descura
1102 5367 1131 5424 Si
1149 5368 1210 5436 quis
1225 5375 1315 5420 autem
1336 5366 1393 5419 lma
1404 5363 1497 5432 iurare
1512 5365 1640 5431 noluerit,
1659 5365 1747 5435 ipsunt
1763 5371 1895 5430 tattqnant

264 5433 336 5486 etde
354 5433 473 5504 Staqello
487 5445 515 5489 et
528 5435 562 5490 ile
576 5433 675 5488 Sancta
686 5432 815 5487 columba
830 5443 857 5488 et
871 5434 905 5488 cle
918 5432 1050 5502 Speirauo
1102 5439 1259 5493 ltereticutu
1273 5433 1431 5491 babebimus
1442 5435 1623 5500 manifestum,
1635 5450 1684 5490 uec
1694 5433 1893 5504 elusjudicintu

264 5509 293 5552 et
305 5501 339 5558 tle
353 5514 408 5558 tuto
423 5504 559 5558 territorio
572 5503 772 5565 camarinnani,
789 5512 816 5558 et
831 5502 856 5557 in
871 5502 941 5564 aliis.
958 5504 980 5558 si
997 5519 1052 5573 qua
1103 5507 1160 5563 siue
1174 5509 1321 5562 auctoritas
1334 5505 1452 5573 viporcnr
1468 5506 1495 5560 in
1510 5505 1601 5577 aliquo
1617 5505 1758 5560 sortiatur.

266 5583 339 5636 stitit,
353 5589 414 5642 quae
432 5573 488 5642 ipsa
507 5573 568 5627 villa
584 5572 676 5627 Satneti
690 5569 789 5642 AEqidii
804 5573 905 5630 haltere
916 5574 1053 5644 dipuo'sei-

266 5647 321 5703 tor,
338 5644 494 5698 lldelitatem
509 5643 637 5698 ssotttanae
657 5642 783 5699 Ecclesiae
802 5643 943 5707 iaciemus,
966 5643 1052 5711 ipsam
1139 5639 1202 5696 Gur.
1219 5640 1250 5694 tl.
1268 5639 1324 5710 qu
1338 5638 1490 5695 willelmus
1505 5639 1540 5694 de
1556 5638 1646 5694 Balcia
1663 5638 1789 5706 ptriumps
1802 5636 1891 5689 bura-

265 5709 354 5764 eidem
371 5712 486 5766 iidcliter
504 5721 531 5768 et
552 5722 682 5783 perpetuo
703 5713 848 5768 servaturi.
868 5713 934 5768 ltem
952 5722 1053 5767 stratas
1105 5712 1220 5768 sicensis
1236 5726 1287 5780 pro
1300 5711 1398 5764 animae
1421 5725 1489 5765 toeae
1507 5711 1627 5765 remedio
1645 5717 1673 5764 et
1689 5708 1893 5784 progenitorum

271 5780 392 5846 publicas
407 5795 518 5841 secutas
532 5783 709 5856 servabimus,
723 5793 750 5842 et
766 5784 897 5843 iaciemus
908 5791 1053 5854 pertatem
1106 5795 1228 5837 nteornto
1242 5780 1365 5836 omatibus
1378 5779 1498 5836 ecclesiis
1509 5790 1535 5835 et
1548 5779 1674 5838 dotrtibus
1684 5777 1819 5846 remissis
1830 5775 1895 5832 aitte
