4109 6325
165 234 220 295 Μ
624 232 873 293 reprimemus
890 234 983 293 audo
1005 234 1074 307 tvl,
1093 236 1230 296 enuisti
1247 238 1328 298 iste.
1750 249 1803 308 tta

167 347 266 405 naliter
279 345 373 403 venire
385 344 575 417 neutriuerint,
590 346 702 403 idoneos
715 362 766 417 pro
789 361 819 404 se
839 348 955 419 dirtgant
970 353 994 407 n
1007 351 1081 406 tiam.
1106 351 1141 407 ln
1155 354 1275 408 eanrdeas
1296 353 1403 409 modam
1430 354 1565 411 catholieo
1586 367 1611 413 et
1624 359 1800 431 arehiepisco-

166 436 355 509 rcsponsaics,
371 451 564 508 personarum,
581 446 610 494 et
622 439 792 494 evectionum
816 440 958 496 mediocri·
1009 441 1052 511 pis
1064 452 1088 497 et
1102 445 1230 515 episcopis
1245 461 1291 500 nee
1309 461 1361 499 non
1382 446 1520 501 alladius
1532 464 1579 518 per
1591 450 1754 507 Armeniam.
1767 450 1802 509 ln

168 536 223 583 tate
234 534 342 582 serrata
358 540 441 596 quam
459 526 642 583 lateranense
660 528 803 585 concilium
818 528 958 595 delinivit,
1009 535 1129 589 eamdem
1142 535 1248 591 modam
1259 537 1377 607 episeopo
1393 537 1533 610 Propertii,
1545 540 1664 610 episcopo
1679 539 1802 612 depensa,

168 616 304 674 atuullus
322 616 433 671 omuino
456 616 565 685 piures,
590 618 680 689 atrivis
701 628 791 674 autem
816 620 960 689 pauciores
1010 635 1034 681 et
1058 626 1269 683 maronitanensi
1276 669 1284 695 ,
1305 628 1437 695 sertensi,
1460 640 1485 685 et
1511 631 1647 687 iliditensi
1673 634 1804 705 arehiepi-

167 724 261 767 secum
287 708 422 763 adducere
444 706 548 779 possim
572 722 623 763 nce
644 708 787 780 quisquam
810 710 960 780 superiiuas
1010 718 1109 787 saaph,
1130 726 1156 771 et
1184 717 1303 787 episeopo
1329 718 1480 788 Cosoneasi,
1506 721 1543 773 ita
1569 722 1638 792 qaod
1663 724 1805 796 aniesipss

168 800 250 856 iaciat
263 808 289 853 et
306 811 464 869 pomposas,
487 796 534 852 sed
554 798 724 853 necessarias
739 808 842 853 tantum
856 809 884 855 et
899 815 959 855 mo·
1010 804 1131 859 seorsim.
1155 804 1191 861 ln
1206 808 1326 861 canadam
1342 807 1449 860 modam
1473 809 1602 878 episeopis
1617 826 1662 881 per
1681 809 1803 867 Tusciam

170 894 280 965 deratas
304 902 457 959 expensas,
485 886 653 943 ostendendo
680 902 710 943 se
734 897 796 943 actu
814 898 843 945 ct
866 890 959 945 habitu

169 995 263 1038 uerum
277 978 376 1035 Christi
396 976 543 1043 cultorem,
555 992 617 1033 cum
633 992 687 1033 nou
700 978 838 1035 saecularis
850 979 961 1050 applau-

170 1086 234 1136 sus,
246 1071 293 1127 sed
309 1067 459 1140 spiritualis
479 1066 615 1139 proiectus
633 1066 659 1123 iu
676 1068 727 1123 noe
741 1068 778 1123 sit
790 1070 899 1140 negotio
918 1084 961 1125 re-

171 1163 329 1235 quirendus.
342 1160 492 1231 lulunpatis
511 1167 601 1214 autem
620 1173 686 1226 ros,
705 1158 804 1219 iratres
828 1160 961 1233 archiepi-

172 1255 249 1325 scopi
261 1260 287 1308 et
298 1251 429 1321 episcopi,
442 1264 475 1305 er
490 1260 565 1319 parte
574 1258 666 1305 nostra
679 1248 813 1306 universis
828 1250 964 1306 Ecclesia-

173 1360 232 1400 rum
247 1342 385 1415 capitulis,
400 1357 454 1397 uon
475 1341 561 1397 solum
583 1340 798 1408 cathedralium,
814 1343 860 1397 sed
881 1342 961 1397 ctiam

172 1436 301 1499 aliarum,
316 1442 346 1489 ιιι
360 1432 519 1503 prepositos
542 1432 585 1487 sel
596 1433 712 1489 decanos
732 1440 778 1488 aut
800 1434 869 1488 alios
887 1434 961 1489 uiros

171 1528 284 1583 idoneos
299 1526 332 1581 ad
345 1526 489 1582 concilium
506 1540 556 1597 pro
573 1540 602 1581 se
617 1524 743 1595 mittant,
759 1542 820 1583 eum
834 1526 962 1580 nonnulla

172 1619 225 1675 siut
238 1618 333 1689 inipso
345 1616 484 1671 tractanda
497 1631 557 1686 qua
568 1616 722 1686 specialiter
732 1616 766 1670 ud
779 1615 962 1671 Ecclesiarum

1011 906 1037 952 et
1049 896 1197 953 llarclriam
1217 899 1411 953 Anconitanum
1430 907 1454 954 et
1474 900 1600 954 dacatnm
1616 900 1716 972 Spoleti
1741 919 1805 958 eon-

1011 992 1121 1046 stitatis.
1146 990 1183 1044 ln
1206 991 1325 1045 cantelam
1352 992 1458 1045 moriana
1477 993 1638 1062 patriarchas
1659 1004 1682 1049 et
1697 996 1805 1054 hrclrr'e-

1011 1080 1125 1151 piscopia
1142 1090 1168 1135 et
1189 1081 1318 1150 episcopis
1333 1090 1357 1134 et
1377 1080 1513 1135 aliatilras
1534 1090 1587 1135 tam
1602 1082 1705 1139 Latinis
1724 1102 1804 1156 quam

1012 1170 1113 1227 Grecis
1133 1186 1181 1241 per
1204 1168 1525 1240 Constantiponalitaaans
1552 1172 1714 1239 prouinciam
1740 1191 1805 1229 con-

1012 1261 1122 1319 stitatt's.
1636 1274 1640 1280 ·

1048 1354 1083 1408 in
1109 1353 1228 1408 eamdem
1257 1352 1364 1407 modam
1386 1352 1486 1406 illustri
1513 1350 1806 1421 Constantinopolitano

1014 1445 1182 1519 inperatori,
1201 1462 1282 1515 usaue
1296 1458 1329 1499 cs
1342 1459 1373 1500 se
1384 1443 1490 1500 hactus
1504 1443 1570 1499 Cam
1591 1458 1657 1514 ergo
1671 1446 1767 1499 deceat
1779 1450 1807 1499 et

1014 1537 1141 1607 expediat
1161 1544 1191 1591 ut
1210 1544 1254 1590 tua
1277 1533 1428 1604 imperialis
1449 1532 1602 1589 sublimitas
1621 1533 1655 1587 ad
1672 1534 1806 1603 synnodum

1016 1637 1070 1684 tam
1085 1627 1232 1684 solemnem
1244 1625 1356 1681 nuutios
1367 1625 1466 1696 dirigat
1476 1624 1619 1694 speciales,
1630 1622 1806 1679 serenitatem

172 1708 289 1778 capitula
303 1706 487 1776 pertinebunt·
509 1706 618 1765 iuterim
633 1722 697 1763 vero
709 1714 737 1763 et
759 1722 807 1778 per
825 1722 873 1764 vos
888 1708 963 1780 ipsos
978 1694 1000 1748 Β
1014 1727 1088 1774 tuam
1106 1721 1248 1771 monemus
1268 1724 1296 1770 et
1319 1715 1497 1774 exhortamur
1520 1716 1650 1769 attentius
1669 1722 1807 1783 quatenus

173 1808 202 1854 et
222 1812 271 1868 per
285 1798 352 1852 alios
368 1797 440 1852 viros
454 1796 602 1866 prudentes
626 1798 750 1853 universa
765 1798 904 1855 subtiliter
918 1798 960 1854 iu·
1013 1806 1171 1878 praescripto
1185 1805 1317 1868 apennino,
1332 1801 1806 1868 vira00m110‚v1e051d0n005d1,1.

173 1890 289 1963 qniratis
311 1904 370 1960 uuae
381 1888 559 1945 correctionis
581 1897 629 1944 aut
645 1888 848 1945 reformationis
872 1891 962 1947 studio
1013 1903 1077 1966 pere
1103 1910 1156 1950 non
1180 1901 1341 1963 postponas,
1368 1908 1417 1962 per
1442 1907 1511 1963 arros
1531 1901 1583 1946 ture
1608 1893 1686 1948 nohis
1700 1893 1806 1962 aporiae

173 1982 297 2053 indigere
309 1980 451 2046 ridentur,
463 1988 491 2033 et
508 1995 540 2034 ea
558 1981 673 2036 iidciiter
692 1982 963 2049 conscriirentes,'ad
1013 1987 1211 2057 heneplacitum
1235 1984 1397 2050 uoluuntatis3
1420 1984 1501 2055 arria,
1522 1991 1654 2054 quantum
1673 1998 1735 2037 cum
1756 1983 1806 2040 iro-

173 2072 245 2129 saeri
270 2070 377 2126 concilii
403 2069 547 2139 perferatis
564 2086 698 2136 examen,
718 2073 790 2127 circa
806 2072 963 2129 subventio·
1014 2086 1119 2135 aestate
1133 2076 1297 2149 poterimus,
1316 2075 1350 2130 ad
1376 2084 1451 2130 tuum
1467 2075 1584 2131 lihouter
1607 2082 1635 2130 et
1658 2073 1806 2133 efficaciter

174 2178 235 2219 nem
247 2162 429 2219 necessariam
443 2170 521 2218 terrm
534 2171 650 2229 sanctae,
663 2160 707 2216 ulti
723 2162 794 2219 lieus
808 2177 855 2219 res
871 2172 964 2219 noster
1013 2170 1183 2226 {intendemus
1198 2166 1370 2223 commodum
1384 2176 1412 2223 ct
1424 2168 1566 2224 honorem.

175 2264 236 2311 ante
249 2256 348 2312 saraia
371 2257 485 2312 salutem
511 2256 537 2311 in
561 2255 649 2312 medio
672 2262 751 2311 terrae
772 2256 898 2326 ‹trguatns
922 2266 964 2314 cst
1050 2262 1158 2318 ilatum.

175 2346 298 2416 operari,
315 2360 393 2416 opem
410 2358 558 2416 ctopemm
574 2344 719 2402 efficaciter
738 2347 904 2419 impensuri,
920 2365 963 2407 as-
1050 2355 1083 2411 in
1102 2355 1223 2411 eaordem
1235 2354 1341 2411 modam
1366 2351 1488 2424 Philippa
1510 2353 1610 2408 illustri
1623 2354 1676 2424 rapi
1689 2351 1807 2411 arana·

175 2436 294 2492 sistendo
309 2436 427 2493 ildeliter
443 2446 471 2493 et
495 2438 644 2508 prudenter
661 2438 694 2495 iis
708 2454 776 2510 quos
792 2441 964 2512 deputareri·
1014 2463 1084 2504 rara.
1107 2446 1141 2501 in
1163 2447 1283 2501 eumdem
1302 2444 1409 2499 aradam
1438 2444 1542 2514 repilras
1563 2444 1727 2515 drepanam,
1748 2444 1807 2501 lla·

175 2544 236 2585 mus
246 2529 280 2584 ad
294 2529 346 2587 lroe
357 2529 494 2602 ncpotium
507 2528 660 2601 specialiter
674 2531 885 2602 procurandum.
899 2531 964 2586 Nul-
1012 2554 1115 2607 anrrre,
1143 2535 1278 2601 castelle,
1309 2533 1475 2606 Lepioaensi,
1498 2533 1702 2606 Portapalensi,
1716 2536 1806 2607 Cpprr',

175 2620 217 2676 lus
239 2620 332 2692 itaque
354 2636 383 2677 se
405 2621 538 2677 fallaciter
555 2624 711 2679 excusando
733 2622 766 2678 ah
787 2624 963 2681 exsecutione
1015 2628 1316 2700 ,vomereuomere
1337 2627 1537 2694 Lurrslriceasi,
1561 2626 1713 2692 Ganaecia,
1737 2627 1808 2682 ilin-

175 2721 230 2767 tum
246 2714 331 2769 sancti
344 2715 434 2784 operis
449 2715 606 2780 subtrahat,
624 2714 645 2769 si
666 2714 824 2770 canonicum
845 2716 903 2769 uult
922 2718 964 2771 el·
1014 2721 1110 2783 diensi,
1127 2717 1243 2784 Saetire,
1265 2720 1302 2771 ita
1315 2716 1385 2788 qaod
1397 2714 1539 2783 unicuiqae
1557 2716 1678 2769 seorsim.
1689 2714 1724 2768 ia
1737 2731 1809 2768 essm·

176 2805 270 2875 iugerc
283 2806 423 2865 ultionem.
444 2806 528 2863 Nemo
550 2806 749 2863 dissensionum
767 2808 906 2864 obstacula
922 2809 964 2867 rei
1014 2812 1074 2865 darn
1099 2815 1205 2865 stradam
1222 2809 1348 2879 nrapistro
1370 2819 1394 2863 et
1414 2807 1543 2878 [ratrilae
1567 2804 1670 2859 militia
1696 2803 1807 2874 Templi.

176 2895 304 2951 itinerum
328 2896 517 2967 impedimenta
536 2908 679 2964 catrsetur,
691 2912 768 2967 quum,
787 2899 903 2955 Domino
923 2900 964 2956 la·
1015 2901 1127 2957 Vineam
1138 2900 1243 2955 hornum
1256 2900 1387 2963 Sabaoth,
1400 2907 1467 2963 ete,
1490 2913 1572 2968 asaiae
1588 2898 1688 2951 donum
1703 2895 1823 2967 perles·-

177 2985 266 3043 eiente
277 2988 381 3057 siguum
398 2987 424 3043 in
443 2988 559 3055 honum,
575 3004 607 3043 ex
619 3003 724 3058 ,magna
741 2989 798 3059 jam
818 3000 894 3060 parte
906 3005 999 3081 ces-c
1016 2998 1085 3055 tum,
1099 2988 1233 3044 rurrirersis
1256 2987 1471 3058 archiepiscopis
1493 2994 1520 3041 et
1540 2986 1674 3056 episcopis
1692 3000 1725 3041 ac
1747 2984 1809 3040 aliis

176 3088 401 3149 satecoepcrrmt.
431 3078 498 3135 Nam
523 3087 550 3136 ct
568 3090 670 3149 qtranto
696 3081 837 3137 imminent
862 3084 964 3154 rnajura

176 3173 310 3244 pericula,
324 3182 399 3228 tauto
423 3173 527 3244 potitura
553 3175 671 3230 remedia
685 3175 810 3231 convenit
831 3177 964 3234 adlriheri.

176 3263 318 3334 Nunquam
346 3265 417 3320 cuim
440 3264 637 3334 nauigaritpcr
657 3264 830 3334 marcomani
858 3281 965 3337 semper

175 3363 317 3428 exspectat
330 3366 359 3410 ut
371 3371 448 3411 mare
468 3371 522 3412 uon
540 3355 657 3411 conciter
674 3372 707 3411 es
722 3372 751 3411 se
770 3355 876 3412 iluetus.

212 3447 458 3515 ilatuanterani,
470 3463 517 3508 tuat
530 3447 591 3508 lini.
605 3447 678 3514 liaii,
691 3449 864 3520 poutihcntus
879 3449 965 3506 nostri

176 3552 247 3595 arina
261 3537 467 3594 decimosexto.
567 3563 570 3569 ·

213 3629 248 3686 ln
259 3631 378 3686 eamdem
397 3629 503 3686 modam
524 3631 652 3700 scriptam
673 3640 712 3687 est
729 3630 923 3702 archiepiscopo
941 3641 965 3687 et

175 3723 313 3793 episcopis,
328 3723 484 3789 ailatilas,
498 3724 631 3794 prierilas
645 3726 791 3780 constitutis
805 3740 852 3795 per
862 3725 968 3796 pronia-

175 3813 230 3868 cias
245 3811 489 3884 liapantinensem,
503 3814 681 3883 Bremensem,
696 3815 887 3884 Graeanensem,
903 3813 966 3871 Sol·

176 3903 375 3976 seiarperrsem,
389 3903 587 3971 Treuerensem,
601 3905 869 3978 llapdedarpeasem,
884 3904 965 3961 Colo·

176 3993 512 4063 niensenrAElroracensem,
522 3996 543 4051 Τ
545 3999 967 4062 ararrtaaieasem,Arrrraclranea-

175 4103 228 4141 sent
239 4126 246 4150 ,
258 4086 496 4153 Rauennatensem,
510 4087 705 4160 Rapasiensem,
722 4088 964 4152 Mediolanensem,

175 4175 368 4240 arelatensem,
387 4175 598 4244 Narbonensem,
619 4178 786 4244 ledrensem,
810 4177 967 4232 Nidrosien·

174 4281 250 4330 sem,
295 4265 469 4335 londensem,
508 4265 736 4332 Bisantinensem,
774 4267 965 4334 Ariorensem,

1018 3082 1195 3137 ecclesiarum
1210 3079 1330 3151 praelatis
1345 3093 1393 3148 per
1409 3077 1551 3132 universas
1563 3074 1620 3131 lere
1636 3076 1810 3131 Christiano·

1018 3191 1078 3230 rum
1098 3175 1254 3244 prouincias
1277 3170 1437 3227 constitutis
1461 3185 1509 3239 per
1532 3169 1679 3238 apostolica
1708 3169 1809 3239 scripta

1017 3268 1198 3340 praecipiendo
1218 3266 1377 3322 mandaturus
1395 3273 1424 3318 ut
1442 3279 1473 3320 se
1497 3263 1569 3333 ipsos
1593 3261 1682 3316 taliter
1704 3276 1810 3331 praepa·

1018 3371 1089 3425 rent,
1104 3369 1170 3426 ete,
1185 3358 1278 3428 aerlisJ
1285 3364 1458 3426 competenter
1475 3355 1597 3417 straturis,
1617 3368 1697 3423 asnaa
1719 3351 1809 3422 requi·

1017 3451 1128 3507 rendus.
1142 3449 1283 3520 injungant
1297 3449 1379 3504 etiam
1393 3445 1591 3515 archiepiscopi
1605 3452 1633 3499 et
1645 3441 1763 3512 episcopi
1773 3456 1809 3496 es

1016 3552 1096 3612 parte
1116 3551 1208 3596 nostra
1231 3539 1366 3595 universis
1383 3537 1566 3594 Ecclesinrum
1592 3533 1728 3605 capitulis,
1741 3542 1808 3602 eta,

1018 3631 1217 3706 aspaehuctns.
1243 3631 1311 3686 Cum
1335 3631 1422 3700 igitur
1443 3628 1470 3684 ia
1485 3628 1537 3683 hoc
1558 3625 1678 3694 peuerell
1692 3624 1808 3682 concilio

1017 3727 1072 3782 sint
1093 3725 1178 3780 muita
1193 3723 1333 3779 tractanda
1356 3737 1417 3792 arrae
1437 3721 1471 3776 sd
1490 3726 1590 3774 statum
1605 3716 1688 3771 uestri
1705 3715 1810 3772 ordinis

1017 3817 1198 3888 pertinebunt,
1212 3816 1289 3870 decet
1303 3820 1332 3868 et
1353 3811 1464 3882 expedit
1478 3819 1506 3864 ut
1527 3809 1562 3863 ad
1577 3807 1648 3861 idem
1662 3806 1808 3862 concilians

1016 3909 1090 3962 viros
1106 3908 1215 3964 idoncos
1231 3904 1383 3966 destinetis,
1398 3902 1444 3973 qrri
1461 3901 1569 3970 negotia
1586 3909 1676 3954 restra
1688 3897 1809 3952 debeant

1018 3997 1134 4052 iideiitcr
1148 4007 1307 4065 procurare.

1052 4086 1085 4141 ln
1098 4087 1217 4141 eanrdern
1229 4086 1334 4139 aradam
1347 4085 1472 4154 arrapistro
1481 4093 1505 4137 et
1519 4080 1646 4151 fratrilas
1660 4077 1808 4150 llospitalis

1016 4175 1243 4246 lerosolparitani.
1264 4173 1297 4228 ln
1325 4175 1448 4227 eurrrdens
1469 4173 1523 4241 lere
1542 4170 1648 4224 modam
1667 4168 1756 4223 allati
1783 4178 1808 4223 et

1018 4265 1155 4320 conventui
1168 4263 1343 4324 cisterciensi,
1352 4262 1472 4317 ctadloti
1483 4271 1506 4315 et
1519 4261 1656 4316 cannenses·
1670 4259 1808 4313 Prasmon·

175 4356 389 4428 daaliepensem,
406 4357 639 4422 cantuariensem,
656 4358 877 4430 spalatinensem,
896 4357 965 4413 Gra·
981 4355 1152 4425 pstratensi,
1179 4355 1321 4424 unicuiqae
1345 4355 1464 4411 seorsim.
1489 4351 1522 4406 ln
1551 4359 1670 4405 eanraenr
1702 4350 1809 4405 aradam

174 4447 292 4510 alensem,
309 4445 532 4514 Tarrltonensenr,
551 4447 759 4512 Balliniensem,
774 4446 963 4517 Upsallensem,

175 4537 405 4606 Edredrrnensem,
426 4539 618 4602 casselensem,
644 4539 860 4605 Heracliensem,
887 4539 966 4593 Athe·

174 4627 304 4695 triensem,
318 4628 593 4695 Thessalonicensem,
610 4628 806 4694 larissensem,
822 4627 966 4684 Patracen·

175 4735 247 4782 sem,
267 4718 431 4786 Cretensem,
457 4721 646 4787 Taamensem,
665 4719 838 4786 lundensem,
863 4719 966 4790 Stripo-

175 4813 308 4876 alensem,
351 4810 596 4880 calaritanensem,
639 4812 965 4883 Andrinopolitanensem,

175 4901 386 4973 lapdanensem,
402 4902 558 4976 Aquensem,
568 4904 776 4972 dntiiareasem,
792 4903 964 4972 licerensem,

177 4992 385 5061 Neapratensenr
399 5035 407 5061 ,
453 4995 774 5064 Meatinapoiitanenaem,
816 4991 942 5050 Pisanum
956 5034 964 5060 ,

176 5083 380 5155 Tripolitanum,
398 5085 580 5154 Verisieosem,
595 5085 744 5157 iprensem,
758 5085 964 5156 Philippensem,

176 5175 412 5242 Tarraconensem,
434 5177 651 5240 Toletasensem,
668 5177 872 5241 Bracarenseus,
886 5177 966 5232 llam·

175 5265 347 5335 postellatram
359 5308 367 5333 ,
380 5267 605 5335 Corinthiensem,
622 5266 818 5333 Nazarenum,
833 5265 965 5322 Senescen-

175 5373 241 5426 ssm,
250 5357 472 5430 liotontapensem,
485 5358 669 5424 Turonensern,
683 5357 882 5428 llitaricensem,
898 5359 965 5412 Bar-

176 5449 353 5519 depalensem.
365 5449 400 5504 irs
410 5451 527 5505 eumdem
539 5451 645 5505 modurn
653 5451 857 5520 archiepiscopo,
865 5450 965 5518 episco-

176 5545 232 5610 pis,
253 5541 390 5596 astartem
408 5551 433 5597 et
451 5543 582 5612 priorilas
604 5543 753 5597 constitutit
767 5558 814 5612 per·
833 5539 963 5611 Cpprum,

176 5631 339 5700 Caluisium,
362 5631 492 5704 Siciliam,
515 5632 668 5707 Beripariam
690 5643 714 5689 et
733 5633 885 5702 Blendium,
899 5630 964 5690 Sca·

1017 4447 1132 4520 capitatio
1145 4446 1449 4516 Corrstantlrropolitano,
1461 4461 1541 4515 saepae
1563 4459 1624 4499 cum
1637 4443 1766 4498 modestia
1781 4451 1810 4498 et

1017 4541 1131 4598 earrteia.
1147 4540 1198 4607 Qui
1221 4551 1287 4594 rero
1301 4538 1432 4592 carroniea
1457 4538 1529 4592 iorte
1548 4534 1742 4604 praepeditione
1760 4534 1809 4588 de·

1017 4632 1083 4688 tenti
1099 4630 1280 4703 personaliter
1305 4627 1398 4682 uenire
1413 4624 1603 4695 nequiuerint,
1621 4623 1733 4678 idoneos
1757 4636 1807 4692 pro

1017 4737 1046 4780 se
1062 4722 1182 4792 dirigant
1196 4717 1382 4789 responsaios;
1398 4731 1448 4770 neo
1473 4715 1615 4784 quisquam
1637 4708 1804 4780 superiluas,

1016 4825 1082 4879 etc,
1098 4828 1179 4883 usqae
1196 4807 1385 4881 requirendas.
1402 4805 1518 4872 ideoque
1530 4802 1687 4858 discretioni
1711 4808 1807 4857 restrae

1016 4919 1065 4975 per
1077 4901 1224 4973 apostolica
1239 4900 1341 4969 scripta
1365 4896 1524 4952 mandamus
1546 4902 1683 4964 qnatenus
1699 4891 1725 4948 ei
1741 4890 1806 4961 qai,

1015 5004 1129 5051 auctore
1144 4993 1209 5058 lieo,
1221 4987 1527 5057 Constantinopolitanae
1540 4985 1667 5040 Ecclesiae
1679 4982 1807 5054 praeside-

1015 5087 1073 5152 hit,
1093 5100 1126 5140 cr
1142 5091 1220 5154 parte
1240 5091 1333 5138 nostra
1357 5095 1417 5150 quae
1440 5077 1580 5148 praemissa
1604 5084 1667 5130 sunt
1692 5073 1809 5129 lldcliter

1017 5176 1156 5237 nuntietis.
1173 5183 1202 5229 ut
1212 5181 1241 5229 et
1251 5173 1395 5245 ipsejtrsta
1410 5171 1528 5241 priscam
1543 5168 1657 5223 sormam
1673 5173 1807 5220 nostrose

1016 5269 1172 5342 conspectui
1187 5276 1378 5340 repraesentem
1397 5265 1572 5321 nihilominus
1584 5264 1619 5319 de
1631 5261 1746 5332 colit-aio
1761 5273 1808 5315 re·

1016 5372 1073 5417 stro
1088 5361 1162 5416 siros
1175 5360 1287 5415 idoneos
1299 5373 1349 5430 pro
1364 5357 1441 5413 rolris
1452 5357 1486 5410 nd
1513 5357 1564 5412 hoe
1589 5367 1696 5408 sacram
1715 5348 1808 5408 couci-

1016 5455 1081 5508 lium
1096 5454 1293 5518 transmissori,
1312 5469 1373 5508 curu
1397 5449 1525 5507 nonnulla
1550 5449 1646 5504 sintin
1669 5447 1728 5517 ipso
1751 5452 1808 5500 tra·

1016 5543 1113 5600 ctamla
1127 5557 1187 5612 aare
1199 5542 1353 5612 spetialiter
1365 5541 1399 5596 ad
1417 5539 1600 5595 Ecclesismm
1613 5535 1730 5607 capitula
1744 5547 1807 5604 per-

1017 5630 1152 5690 tinebunt.
1164 5631 1274 5690 iuterim
1288 5646 1352 5688 tero
1366 5645 1416 5704 per
1429 5630 1565 5704 vosipsos
1590 5634 1619 5686 ct
1639 5625 1708 5683 aiios
1733 5623 1812 5709 siros
1890 5655 1893 5659 ·
