4109 6325
188 360 241 419 tat

667 358 916 421 ronrtstcsttts
934 356 1028 417 lel0
1041 358 1099 427 XV,
1118 358 1255 417 etttttstt
1268 358 1345 415 illl.

1768 364 1819 419 738

224 474 321 531 batum
347 472 488 541 Laterani,
504 490 537 529 ιιι
552 474 612 529 llal.
637 472 791 541 Februarii,
809 474 982 545 pontiilcatus
996 478 1019 535 Α
1034 471 1163 543 super-iis
1174 470 1323 527 secundum
1335 454 1448 539 justitiae
1470 470 1589 543 regulam
1603 432 1752 529 sentiamus
1772 491 1820 545 per

192 564 282 623 nostri
295 580 367 621 arrno
381 566 487 621 decimo
500 564 605 635 qrrinto.

168 690 179 791 (
515 653 657 713 ccxxtV.

175 816 179 827 y
245 794 253 805 .
332 763 444 805 saunas
461 762 584 803 rususrnr
603 762 664 803 nusi
686 762 837 803 sessaniae.

175 830 182 927 ι
279 837 384 893 Dentur
398 839 421 893 ei
438 838 552 893 inducia
563 840 606 907 [od
620 838 771 893 soluendum
793 850 890 895 sotum.

198 986 200 991 ,
349 926 500 995 (Laterani,
528 944 557 983 ιιι
573 928 641 983 ιιοιι.
656 926 820 999 Februarii.)

227 1021 332 1095 tibiatis
343 1022 420 1075 nobis
441 1036 473 1076 cx
489 1030 567 1089 parte
582 1028 627 1075 tua
647 1019 835 1090 petitionibus,
848 1033 978 1092 quantum

192 1131 253 1171 curn
271 1115 476 1185 beopossumus
492 1122 568 1184 grato
590 1120 785 1167 concurrentes
809 1126 930 1181 assensu,
946 1114 980 1169 ad

192 1208 392 1279 exsequendum
415 1215 507 1262 sotum
529 1219 582 1274 quo
599 1204 713 1259 Domino
734 1205 881 1275 promisisti
900 1214 927 1261 te
946 1206 981 1261 ad

194 1310 272 1354 terne
285 1308 387 1353 sanctae
405 1296 554 1353 subsidium
568 1295 752 1364 proiecturum
773 1296 911 1351 serenitati
930 1307 981 1351 tuae

194 1388 339 1443 triennium
365 1388 554 1459 indulgemus;
578 1385 648 1440 inlra
674 1386 800 1457 quodslc
825 1396 850 1443 te
871 1391 981 1443 studeas

193 1494 348 1551 praeparare
364 1486 394 1533 ut
421 1479 454 1533 ad
471 1476 561 1548 magni
577 1477 649 1547 regis
664 1478 823 1549 obsequium
840 1488 880 1545 tu,
901 1482 980 1550 quasi

194 1583 242 1623 rex
267 1580 401 1637 magnus,
418 1563 560 1633 magnifice
575 1564 761 1634 proticiscens,
781 1566 919 1623 dilationis
941 1570 981 1623 in·

194 1655 368 1713 corrrmodum
392 1652 577 1709 subventionis
604 1652 798 1710 commoditate
828 1667 979 1723 restaures,

194 1756 223 1803 et
236 1746 357 1818 sequenti
372 1746 470 1801 doceas
485 1751 616 1813 apparatu
634 1752 661 1797 te
675 1759 727 1799 uon
752 1747 784 1799 ad
799 1748 855 1801 voti
874 1748 981 1803 dilatio-

1030 562 1081 617 alia
1100 562 1201 635 scripta
1228 571 1321 617 nostra
1349 560 1395 617 tibi
1420 562 1522 618 directa
1543 564 1683 633 percipere
1697 567 1837 635 potuisti.-

1031 653 1124 725 Nuper
1145 664 1234 709 autem
1255 670 1305 723 per
1329 654 1458 710 dilectum
1479 654 1563 709 illium
1584 654 1716 711 Othonem
1741 657 1821 713 deca·

1030 759 1097 799 num
1110 745 1144 799 de
1169 743 1360 811 llnoltisbach,
1376 746 1463 800 virum
1490 747 1631 817 providum
1651 756 1679 801 et
1703 747 1819 813 lidelem,

1031 834 1138 891 litteras
1154 843 1207 891 ture
1221 836 1400 892 fraternitatis
1417 839 1579 907 accepimns,
1596 849 1623 892 et
1641 838 1821 896 intelleximus

1031 924 1104 981 inter
1117 926 1170 981 alia
1182 926 1253 995 quod
1267 941 1347 997 super
1359 928 1467 997 negotio
1485 927 1687 999 llerbipolensis
1700 929 1823 987 ecclesias

1032 1018 1188 1089 suggessisti
1207 1007 1365 1089 (illimem
1380 1024 1469 1072 autem
1484 1020 1590 1075 anobis
1605 1020 1675 1075 idern
1691 1022 1820 1088 audierit,

1032 1107 1117 1179 ipsius
1132 1109 1254 1177 potueris
1272 1108 1346 1164 llrleli
1370 1109 1474 1164 milone
1487 1110 1588 1167 doceri.
1603 1102 1736 1169 Caeterum
1747 1130 1820 1188 crint,

1032 1201 1190 1271 disponente
1211 1200 1338 1267 llomino,
1359 1203 1444 1258 simus
1463 1205 1490 1260 in
1512 1207 1576 1261 sede
1591 1206 1705 1276 iustitiae
1719 1212 1822 1267 consti·

1033 1292 1083 1347 tuti
1098 1299 1125 1348 et
1150 1286 1277 1345 omnihus
1303 1291 1329 1347 in
1350 1291 1456 1361 iustitia
1480 1295 1629 1363 debitores,
1652 1314 1753 1370 negare
1768 1316 1821 1355 non

1032 1382 1161 1439 debemus
1183 1384 1264 1443 alieni
1288 1385 1359 1453 quod
1387 1386 1503 1454 postulat
1524 1388 1591 1444 ordo
1607 1389 1688 1460 juris.
1711 1390 1787 1447 Unde
1799 1393 1822 1447 si

1031 1472 1123 1529 lorsan
1137 1474 1182 1531 ille
1203 1478 1252 1549 qui
1276 1476 1441 1532 substitutus
1461 1478 1593 1533 asseritur
1612 1488 1641 1535 et
1657 1481 1703 1549 qui
1721 1482 1823 1540 dicitur

1033 1569 1179 1626 destitutus
1198 1572 1232 1627 de
1244 1571 1306 1641 jore
1320 1587 1369 1626 suo
1393 1573 1528 1629 voluerint
1544 1576 1675 1645 experiri,
1697 1577 1823 1647 praefigas

1032 1658 1073 1713 cis
1088 1661 1234 1716 terminum
1250 1672 1449 1733 corripeteutem
1468 1680 1521 1735 quo
1544 1679 1593 1734 per
1613 1681 1642 1722 se
1655 1668 1698 1722 ιιι
1711 1684 1823 1739 respon·

1033 1750 1104 1806 sales
1121 1751 1233 1809 idoneos
1248 1762 1342 1809 nostro
1353 1769 1382 1811 se
1395 1756 1551 1825 conspectui
1571 1770 1763 1828 repraesentent
1778 1762 1823 1831 ju·

195 1851 259 1893 nerra
278 1834 368 1890 emissi
383 1834 429 1888 sed
449 1830 657 1887 subventionem
682 1834 832 1904 plenariam
860 1835 982 1893 inducias
999 1819 1019 1875 Β
1034 1852 1119 1909 stum,
1135 1845 1217 1901 dante
1232 1844 1358 1911 Domino,
1376 1848 1512 1919 recepturi
1526 1848 1657 1917 iudicium

196 1926 355 1997 postulasse.
366 1924 403 1980 De
416 1922 584 1995 principibus
608 1936 671 1977 vero
691 1925 745 1981 tuis
763 1941 815 1979 non
832 1941 982 1995 praecessu-

197 2021 235 2076 ris
260 2028 286 2075 te
310 2019 338 2074 in
361 2017 510 2073 subsidium
535 2024 615 2071 terrae
635 2023 736 2071 sauctae
756 2016 793 2071 nil
815 2016 983 2087 adpraesens

196 2110 364 2183 providimus
387 2108 572 2193 statuendum,
590 2126 651 2166 cum
672 2110 760 2165 adhuc
783 2110 849 2167 nihil
869 2112 936 2167 certi
951 2112 985 2167 de

195 2202 316 2275 ipsorum
344 2200 483 2272 proposito
499 2206 657 2267 tenesmum
674 2200 723 2256 sed
746 2214 807 2255 cum
830 2212 983 2272 opportuno

197 2306 317 2375 tempore
332 2292 464 2349 fuerimus
480 2291 616 2363 requisiti,
630 2290 813 2348 necessarium
839 2294 983 2349 consilium

196 2399 364 2457 apponemus
386 2383 470 2455 (ish).
487 2383 559 2439 luter
583 2384 752 2440 venerabiles
770 2392 860 2439 autern
885 2384 984 2440 tratres

197 2488 303 2532 nostros
315 2467 527 2547 strigoniensem
540 2485 567 2529 ct
579 2474 753 2532 colocensem
766 2475 983 2549 archiepiscopos

1069 1934 1166 1989 batum
1180 1934 1320 2002 Laterani,
1337 1949 1366 1989 ιιι
1390 1935 1459 1993 Non.
1475 1937 1627 2006 Februarii,
1650 1941 1822 2010 pontificatus

1034 2024 1117 2079 nostri
1133 2038 1204 2079 aurio
1224 2024 1329 2081 decimo
1344 2026 1448 2095 quinto.

1334 2172 1336 2176 ,
1354 2114 1505 2172 ccxxvii.

1067 2221 1191 2262 sersaoeo
1208 2222 1244 2263 er
1269 2220 1372 2262 secuso
1389 2223 1425 2263 ss
1443 2223 1558 2264 casrom
1581 2225 1785 2267 ranvsvsasrous.

1120 2298 1160 2353 De
1177 2300 1321 2354 relucendo
1347 2299 1486 2356 interdicto
1509 2310 1614 2373 capetus
1635 2306 1723 2375 regite.

1204 2388 1353 2460 (Laterani,
1369 2405 1395 2443 ιι
1409 2388 1470 2447 llal.
1485 2390 1651 2464 Februarii.)

1069 2477 1218 2535 extruens
1235 2479 1388 2534 charissimi
1410 2481 1437 2536 in
1460 2481 1570 2544 Christo
1583 2485 1630 2539 ahi
1655 2486 1742 2543 nostri
1758 2487 1822 2541 l'hi-

194 2568 341 2625 coucordia
360 2577 437 2639 grata
462 2564 541 2623 nobis
558 2568 669 2633 existit,
687 2584 748 2623 cum
771 2583 823 2624 non
841 2571 926 2626 solum
943 2572 983 2626 iu·
1033 2570 1097 2640 lippi
1113 2569 1227 2626 illustris
1249 2569 1320 2641 regis
1338 2570 1506 2627 Francorum
1522 2577 1677 2645 accepimus
1691 2579 1762 2648 quod
1777 2594 1823 2635 ve·

194 2670 310 2727 tereos,
330 2660 378 2717 sed
399 2658 480 2716 etiam
507 2659 641 2729 quoslibet
668 2660 745 2723 alios,
767 2660 851 2729 sopiri
868 2661 983 2719 selinrns
1033 2661 1163 2718 nerabilis
1185 2660 1270 2716 lrater
1294 2667 1386 2716 noster
1410 2660 1615 2720 Aurelianensis
1637 2666 1822 2739 episcopusin

195 2752 386 2809 contentiones
411 2752 522 2807 etlites.
549 2750 627 2807 Unde
647 2764 720 2817 cum,
745 2751 902 2821 disponente
929 2754 983 2809 llo·
1034 2754 1165 2824 capellam
1194 2755 1297 2825 regiam
1320 2755 1353 2810 de
1376 2753 1474 2810 Castro
1504 2771 1574 2809 ιιιιιιι
1596 2772 1677 2828 supra
1702 2760 1823 2830 Ligerim

196 2844 282 2909 haino,
296 2843 382 2899 simus
396 2842 424 2898 in
448 2842 513 2897 sede
524 2842 638 2913 justitiae
662 2843 802 2900 constituti
816 2853 843 2899 et
858 2844 983 2901 omnibus
1034 2862 1085 2913 pro
1109 2862 1165 2903 suae
1188 2845 1334 2901 voluntatis
1360 2843 1475 2900 arbitrio
1498 2846 1634 2905 interdicti
1661 2852 1822 2907 ιιιιιιιιιιιιιιι

196 2932 343 3005 iniustitia
369 2933 518 3001 debitores,
531 2934 620 2990 neutri
647 2948 752 3000 eorum,
772 2934 793 2991 si
812 2934 919 3005 dejure
935 2950 984 2991 suo
1035 2928 1224 3013 promulgavit,
1240 2938 1304 2996 lieet
1319 2954 1369 2995 nec
1393 2946 1515 3009 tempore
1537 2938 1644 3009 thetyos
1658 2944 1820 2999 recordatio

198 3024 336 3081 voluerint
350 3023 481 3097 experiri,
502 3038 603 3097 negare
625 3025 755 3083 debemus
780 3026 852 3099 qrrod
867 3026 985 3099 postulat
1035 3030 1078 3085 nis
1102 3029 1230 3086 Ludoviei
1251 3028 1340 3102 patris·
1357 3028 1477 3099 ejusdem
1499 3042 1548 3083 nec
1569 3030 1651 3085 etiam
1679 3047 1729 3087 suo
1742 3033 1826 3088 luerit

195 3114 352 3186 ardaluris.
997 3156 1019 3216 c
1036 3120 1070 3176 ab
1083 3119 1173 3192 aliquo
1189 3129 1361 3186 attentatum,
1375 3126 1405 3174 ut
1425 3117 1447 3174 si
1462 3117 1533 3174 lortc
1548 3120 1679 3190 capellani
1695 3123 1824 3201 regalium

149 3237 154 3246 ·
222 3205 331 3263 ¹[latum
352 3207 490 3278 Laterani,
508 3225 537 3265 ιιι
552 3209 620 3266 Non.
636 3207 792 3279 Februarii,
811 3208 985 3282 pourittcatus
1036 3209 1200 3281 capellarum
1218 3209 1392 3275 excederent,
1408 3207 1475 3277 ipsae
1496 3209 1605 3277 capellae
1626 3211 1824 3282 subjicerentur

197 3299 285 3356 nestri
299 3314 371 3358 anno
384 3301 491 3360 decimo
505 3301 611 3372 quinto.
1036 3301 1222 3360 ecclesiastico
1243 3301 1395 3365 interdicto,
1418 3317 1479 3358 cum
1503 3302 1669 3372 parochialia
1684 3303 1745 3372 jura
1768 3320 1822 3360 non

527 3392 653 3452 CLXXV.
1037 3396 1165 3461 babeant,
1179 3401 1206 3448 et
1225 3391 1358 3448 ministris
1377 3393 1495 3463 ipsarum
1512 3409 1559 3449 rex
1584 3394 1642 3464 ipse
1660 3394 1694 3450 de
1716 3395 1825 3465 proprio

546 3501 638 3542 erosis.
1037 3488 1121 3544 iaciat
1144 3482 1295 3541 necessaria
1318 3483 1480 3543 ministrari.
1496 3485 1573 3542 Unde
1590 3486 1663 3556 priori
1676 3502 1758 3558 super
1774 3488 1830 3548 hoo-

261 3651 265 3658 ἲ
326 3573 365 3630 be
386 3574 490 3646 negotio
511 3574 626 3643 episcopa·
647 3573 855 3645 Bourderpeusr's.
1036 3579 1180 3650 episcopus
1195 3578 1298 3635 lecerat
1318 3587 1495 3644 memoratus,
1515 3593 1563 3649 per
1583 3578 1675 3634 sedem
1695 3579 1825 3648 apostoli.-

362 3663 512 3735 (Laterani,
528 3678 559 3719 ιιι
576 3662 646 3722 Non.
660 3663 826 3736 Febrrrarii.)
1037 3687 1097 3726 caru
1110 3672 1212 3727 irritari
1234 3672 1352 3742 petebat,
1367 3682 1393 3726 et
1407 3675 1432 3725 ei
1450 3685 1484 3727 ne
1509 3670 1701 3738 praeornatus
1726 3677 1825 3726 catere

235 3756 311 3813 Licet
324 3757 528 3830 bambergensis
539 3758 680 3830 episcopus
693 3759 720 3814 in
733 3759 823 3816 multis
834 3761 985 3829 otlenderit,
1037 3763 1101 3819 talia
1117 3762 1244 3818 inhiberi.
1259 3759 1393 3826 Quocirca
1417 3758 1572 3820 discretioni
1589 3768 1685 3820 uestra
1698 3774 1746 3828 per
1760 3773 1827 3829 apo«

200 3865 251 3906 nos
273 3858 364 3905 tamen
391 3851 544 3907 interventu
559 3867 668 3924 precum
689 3861 793 3906 tuarum
815 3854 930 3924 rigorem
943 3853 986 3924 jn·
1037 3855 1131 3912 stolica
1145 3853 1245 3923 scripta
1267 3850 1574 3918 mandemusquatenus
1590 3847 1752 3903 auctoritate
1774 3864 1825 3903 no.-

199 3941 282 3997 stitiae
304 3949 497 4012 temperantes,
512 3941 658 3997 venerabili
674 3940 751 3997 tratri
770 3945 862 3999 nostro
875 3943 985 4014 llagun-
1038 3958 1093 4001 stra
1109 3943 1215 4004 sublato
1225 3937 1561 4013 appellationisobstaculo
1573 3939 1730 4009 praedictam
1742 3939 1826 3993 inter·

201 4033 300 4087 tineosi
313 4033 525 4102 archiepiscopo,
536 4033 688 4103 apostolicae
699 4033 771 4088 sedis
786 4034 874 4103 legato
886 4033 987 4088 nostris
1038 4036 1103 4092 dicti
1120 4034 1282 4096 scriterrtiam
1296 4032 1423 4088 relaxetis
1435 4048 1443 4098 ;
1457 4044 1518 4085 eum
1530 4030 1553 4084 si
1569 4027 1659 4084 lorsao
1670 4027 1835 4096 capellanus.

201 4123 298 4178 datarus
309 4123 409 4180 litteris
422 4127 447 4178 iu
464 4123 597 4178 mandatis
612 4134 640 4176 ut
653 4139 705 4179 non
717 4125 843 4194 procedat
858 4127 987 4182 adversus
1038 4139 1195 4188 memoratae
1216 4125 1325 4198 capellae
1343 4121 1500 4193 deliquerit,
1514 4131 1543 4174 ut
1561 4135 1640 4176 suum
1655 4133 1736 4188 poena
1753 4127 1830 4172 tene-

202 4216 338 4284 erundem,
363 4216 411 4272 sed
431 4215 560 4285 inquisita
579 4229 661 4286 super
679 4215 750 4270 lacto
768 4216 861 4286 ipsius,
876 4216 908 4270 de
933 4231 987 4286 quo
1038 4226 1080 4273 ret
1102 4226 1251 4280 auctorem,
1268 4232 1320 4271 non
1332 4286 1335 4291 y
1347 4215 1423 4291 locus
1439 4212 1465 4266 in
1478 4211 1550 4280 regis
1564 4209 1763 4281 praejudicium,
1777 4209 1826 4263 sed

201 4310 227 4366 ei
244 4311 441 4378 mandavimus,
468 4311 589 4380 plenarie
612 4312 736 4376 veritate,
761 4311 891 4381 quidquid
911 4310 986 4365 inve·
1038 4310 1084 4369 ille
1094 4307 1218 4364 debuerit
1232 4307 1368 4384 interdici
1383 4305 1461 4374 Quod
1474 4303 1495 4357 si
1511 4317 1566 4361 ιιοιι
1580 4315 1686 4369 onrnes,
1701 4310 1767 4366 etc,
1786 4308 1825 4366 tu,

200 4401 274 4458 nerit
288 4399 401 4457 lideliter
416 4401 493 4457 nohis
508 4403 626 4458 scribere
640 4416 692 4457 non
706 4409 861 4472 postponat,
875 4409 903 4455 ut
914 4401 989 4461 circa
1039 4402 1124 4457 irater
1137 4401 1271 4470 episcope,
1287 4413 1350 4454 cum
1359 4413 1453 4454 eorum
1467 4397 1563 4458 altero.
1580 4403 1634 4452 ete.
1645 4391 1685 4449 Tu
1699 4391 1827 4461 denique,

201 4489 290 4566 ipsum
318 4492 464 4547 ιιιιιιιιιιιιιι
478 4491 549 4562 quod
571 4491 722 4562 expedierit
745 4490 924 4559 procedamus
937 4506 944 4546 :
959 4491 985 4543 in
1001 4489 1025 4549 ll
1039 4489 1123 4550 irater
1135 4491 1272 4560 episcope,
1285 4503 1367 4565 snper
1380 4497 1406 4544 te
1422 4489 1492 4559 ipso,
1508 4497 1562 4544 etc.

201 4595 258 4652 quo
270 4589 321 4636 tuae
335 4595 388 4636 non
402 4581 503 4636 erimus
514 4579 712 4650 deprecationis
728 4579 919 4646 iurnrernotes;
935 4579 987 4634 nisi
1076 4583 1171 4639 [iatum
1190 4582 1328 4646 Laterani,
1350 4596 1376 4635 ιι
1395 4579 1456 4635 llal.
1479 4579 1638 4646 Februarii,
1655 4571 1834 4645 pontificatus

202 4674 318 4731 forsitan
338 4673 396 4742 ipse
416 4673 472 4729 suis
486 4673 642 4729 excessibus
661 4672 850 4728 intercessoris
864 4669 988 4734 allectum
1040 4675 1124 4732 nostri
1140 4690 1212 4729 arruo
1224 4674 1328 4729 decimo
1350 4673 1453 4742 quinto.

203 4765 343 4836 impediat,
358 4771 386 4819 et
398 4763 524 4820 ellectum
539 4763 740 4820 intercessionis
762 4747 901 4826 excludat.

242 4858 338 4912 Datum
358 4855 498 4923 Laterani,
514 4870 544 4909 ιιι
567 4853 635 4909 ιιοιι.
649 4853 809 4920 Februarii,
817 4850 990 4924 pontificatus

205 4950 292 5007 nostri
307 4963 378 5003 anrvo
391 4947 497 5003 decimo
510 4947 616 5017 quinto.

529 5036 666 5104 ccxxvi,

235 5145 429 5208 sanunrnvsssr
458 5144 664 5194 ancersnrscoeo
693 5143 862 5184 srosrosvcs
891 5141 965 5182 ssors

541 5237 655 5281 suerro.

371 5311 374 5318 '
420 5314 454 5370 El
476 5315 523 5379 det
546 5327 617 5371 certo
638 5315 774 5370 mandute.

375 5407 524 5478 (Laterani,
536 5423 566 5461 ιιι
578 5405 647 5462 Non.
661 5405 827 5477 Februarii.)

242 5495 320 5554 Licet
340 5497 374 5553 ad
396 5497 575 5568 depositiones
599 5499 775 5568 quorumdam
802 5503 991 5568 episcoporum

205 5587 291 5654 bono,
312 5588 383 5644 sicut
395 5589 540 5656 credimus,
553 5588 611 5643 zelo
624 5587 798 5659 processeris,
816 5589 880 5661 quid
904 5596 993 5646 tamen

245 5702 319 5773 (teo)
340 5703 410 5760 vhte
422 5703 468 5760 lib.
484 5719 540 5768 ιιι,
553 5703 630 5774 epist.
648 5701 708 5758 teo.

246 5773 318 5844 (lbi)
341 5771 406 5828 Vide
423 5773 469 5830 hh.
485 5789 541 5842 ιιι,
557 5773 635 5843 epist.
649 5771 692 5827 50.

1352 4758 1512 4816 ccxxvttl.

1041 4871 1133 4912 ssscrr
1158 4868 1264 4909 cornuis
1288 4864 1489 4906 aurasiacensis
1507 4864 1542 4903 ss
1567 4861 1661 4902 seueri
1684 4859 1830 4902 scansurus

1076 4956 1265 5000 sssusarsusrs
1289 4955 1434 4994 sosarmus
1460 4939 1639 5019 xruroususrs
1657 4953 1693 4994 er
1711 4950 1830 4992 evases-

1076 5048 1168 5090 sensis
1187 5044 1339 5093 uroecssuu,
1362 5045 1396 5084 ιι
1417 5045 1550 5086 uscrsrno
1570 5043 1707 5084 srseuarto
1726 5041 1832 5082 occaso

1077 5140 1170 5182 saecri
1190 5136 1290 5177 areanis
1308 5135 1488 5176 rrersvsnsrs.

1169 5212 1249 5269 Veris
1261 5210 1314 5265 litis
1329 5212 1462 5278 implicitae
1486 5211 1573 5278 cupito
1595 5209 1703 5264 decidit.

1205 5305 1353 5376 (Laterani,
1368 5301 1462 5366 rillal.
1478 5299 1663 5370 Novembris.)

1079 5401 1153 5475 (192)
1172 5399 1211 5460 Ex
1225 5397 1321 5453 litteris
1339 5392 1501 5454 venerabilis
1520 5391 1613 5447 lratris
1639 5389 1723 5446 nostri
1740 5387 1838 5443 Picta.

1043 5497 1134 5552 sensis
1153 5493 1272 5564 episcopi
1295 5507 1345 5548 nos
1367 5489 1504 5558 accepisse
1526 5485 1644 5541 noscatis
1668 5482 1738 5554 quod
1751 5493 1828 5566 ¹cum

1043 5589 1101 5663 ipse
1113 5585 1263 5644 Walterum
1276 5583 1434 5640 canonicum
1446 5579 1631 5636 pictavensem
1641 5577 1679 5657 ad
1694 5585 1835 5648 personas

1082 5689 1529 5768 ‹mmmmmm
