4109 6325
273 323 346 388 tttl
938 311 1138 378 mnocsnltl
1155 313 1189 372 tlt
1205 314 1258 374 PP.
1848 315 1922 374 tlte

632 438 719 498 etth.

276 570 402 615 thtttsm
428 569 491 613 11Ιῦ1
512 568 615 612 ΜἸὈΝΙ
646 570 673 611 tlt
692 569 857 612 holthem
876 567 1068 611 memnones

616 660 732 704 afflo-

311 755 395 813 Norit
408 756 454 812 ille
467 757 514 829 qui
537 766 674 815 scrutator
688 767 732 816 est
756 759 879 816 cordium
893 768 922 815 et
943 759 1070 833 cognitor

276 856 445 902 secretorum
458 847 531 916 qnod
553 863 697 918 personam
715 858 787 906 tuam
801 850 929 908 decorde
950 866 1019 922 puro
1042 859 1070 907 et

277 927 447 993 conscicntia
460 939 530 996 bona
543 951 571 995 et
583 940 635 996 lide
646 955 698 995 non
711 942 772 997 heta
785 943 922 1014 diligimus
936 952 964 999 et
974 946 1008 998 ad
1021 946 1071 1001 ho·

277 1043 373 1084 norem
389 1036 416 1084 ct
426 1028 577 1097 proiectum
593 1042 668 1088 tuum
679 1033 825 1091 efficaciter
840 1035 1003 1106 aspiramus,
1016 1037 1070 1092 sie-

277 1127 308 1173 ut
326 1133 409 1188 opera
429 1120 607 1178 manifestant
625 1139 686 1194 utrae
698 1141 748 1196 pro
768 1134 794 1182 te
815 1142 869 1182 non
886 1128 1070 1184 dubitavimus

280 1221 422 1266 exercere.
440 1209 517 1268 Licet
533 1223 624 1268 autem
648 1224 677 1272 te
691 1217 861 1274 deseruerim
882 1219 958 1289 quasi
981 1219 1069 1276 solnm

279 1304 361 1359 arnici
374 1306 480 1375 pariter
491 1315 519 1361 es
531 1308 675 1378 propinqui
692 1326 762 1374 ,nos
778 1320 867 1368 lamen
883 1313 910 1367 in
924 1322 969 1368 tua
985 1313 1071 1367 dilec-

279 1392 354 1448 tione
372 1404 546 1455 constantes.
561 1413 593 1453 ea
607 1400 696 1454 studio
710 1401 833 1472 diligenti
847 1418 900 1457 non
916 1404 1070 1458 destitimus

282 1487 391 1557 operari
408 1502 468 1557 qun
480 1491 628 1545 secundnm
642 1499 747 1562 tempus
763 1493 810 1548 tihi
830 1495 967 1550 credimus
987 1509 1071 1566 expe·

277 1574 351 1644 dire,
362 1579 507 1650 vigilantes
517 1597 567 1652 pro
580 1591 607 1637 te
617 1585 727 1654 quando
739 1594 766 1639 tu
776 1583 889 1641 forsitan
902 1586 1069 1652 dormiebam

279 1669 431 1740 quinetiam
458 1681 570 1742 pmpter
596 1683 622 1728 te
644 1675 728 1731 multa
743 1677 814 1746 passi
827 1691 922 1733 snmus
941 1679 1070 1745 adversa,

279 1775 341 1832 quae
355 1775 406 1816 nec
423 1760 505 1816 etiam
522 1761 570 1818 tihi
586 1763 858 1836 volarimnsjntimare
871 1783 934 1822 eum
948 1767 1072 1824 adversi·
1087 1765 1109 1826 b

278 1857 322 1906 tas
334 1859 360 1906 le
380 1854 532 1922 premebat.
547 1854 661 1921 Quidam
675 1857 747 1911 enirn
768 1857 868 1912 civium
884 1856 1070 1915 Romanorum

280 1939 434 1998 adversarii
451 1943 489 1998 tui
514 1945 633 2016 corrupti
652 1947 766 2016 peccunia
781 1962 892 2021 gravem
907 1949 1071 2008 seditionem

279 2035 410 2092 adversus
428 2052 479 2093 nos
492 2050 700 2094 commoverunt
719 2043 745 2095 in
762 2042 844 2106 urbe,
858 2045 1072 2114 correangnincis

279 2129 381 2184 nostris
390 2128 473 2183 multa
487 2131 585 2184 dantna
598 2139 626 2185 et
636 2132 781 2201 opprobria
794 2133 955 2202 inlcrentcs;
964 2151 1068 2207 nosque

280 2236 334 2276 non
346 2221 404 2276 sine
424 2222 516 2276 multis
537 2233 564 2278 et
579 2226 684 2296 magnis
699 2227 827 2297 expensis
842 2229 1006 2285 seditionem
1020 2246 1071 2301 po-

279 2309 336 2378 puli
348 2312 485 2380 potuimus
501 2314 635 2384 mitigare.
650 2317 727 2372 Nunc
743 2329 834 2375 autem
848 2323 1009 2377 adversario
1025 2333 1072 2380 tuo

280 2403 389 2459 sublato
410 2403 561 2470 demedio,
592 2423 627 2464 ne
658 2419 753 2466 contra
781 2421 808 2468 te
822 2413 892 2469 alius
913 2417 1071 2480 suscitetur,

280 2493 406 2562 quamvis
417 2508 501 2565 nepos
515 2496 600 2565 ipsius
613 2497 670 2566 jam
688 2501 735 2557 tibi
748 2503 933 2559 adversarium
948 2521 978 2562 sc
988 2521 1073 2577 oppo-

280 2588 338 2647 nat,
354 2582 476 2653 diligenti
488 2587 582 2642 studio
600 2603 808 2660 praecavemus,
826 2597 860 2649 ad
872 2598 1071 2664 promotionem

280 2679 355 2725 tuam
371 2671 519 2729 efficaciter
531 2677 716 2746 intendentes,
729 2683 798 2738 sicut
811 2686 957 2750 apostoliea
972 2687 1071 2758 scripta

282 2772 426 2829 testantur,
442 2781 504 2835 quae
516 2783 566 2837 pro
579 2779 604 2825 te
621 2771 737 2827 diversis
755 2775 879 2843 personis
897 2791 978 2847 snper
992 2779 1073 2834 variis

281 2854 405 2911 articulis
420 2857 598 2914 destinamus.
611 2861 651 2915 Tu
664 2878 738 2933 ergo,
752 2863 789 2920 dli
804 2866 975 2933 charissime,
991 2868 1072 2924 beni·

282 2943 414 3012 gnitatem
436 2954 465 3002 et
478 2948 660 3006 humilitatem
683 2954 789 3009 cunctis
805 2958 964 3020 ostendens,
982 2958 1071 3012 borro-

280 3047 341 3090 rem
361 3043 390 3090 et
408 3039 524 3107 gratiam
548 3041 679 3100 exhibeas
704 3047 878 3115 universis,a
899 3052 1074 3108 sermonibus

281 3128 387 3197 asperis
403 3136 430 3185 et
456 3128 598 3200 injuriosis
620 3137 750 3206 operibus
771 3137 950 3208 abstinendo;
968 3157 1019 3198 nee
1043 3142 1069 3197 in

281 3221 504 3278 concessionibus
527 3226 624 3292 durus,
650 3243 701 3284 nce
728 3230 755 3283 in
781 3232 1009 3301 promissionibus
1036 3235 1074 3289 sis

280 3323 393 3376 avarus,
416 3310 533 3368 tideliter
563 3323 654 3371 tannen
681 3317 989 3392 observansnn·asque;
1009 3326 1073 3401 quia

281 3416 337 3455 non
362 3400 440 3458 dabis
455 3419 538 3460 unum
554 3421 604 3475 pro
618 3408 710 3475 mille,
724 3410 777 3466 imo
792 3412 907 3481 recipies
920 3414 979 3483 plns
991 3430 1073 3483 orrum

281 3494 358 3550 mille
378 3510 428 3565 pro
439 3511 504 3551 uno.
522 3495 664 3567 Principes
677 3514 785 3569 quoquae
801 3511 857 3557 tam
873 3504 1075 3561 ecclesiasticos

282 3599 365 3654 quam
389 3586 543 3641 mundanos
567 3603 616 3657 per
630 3589 756 3645 idoneam
773 3594 929 3649 cantionem
945 3596 977 3651 dc
1000 3598 1074 3651 οιιιιιὶ

282 3677 382 3731 reddas
397 3677 577 3732 indemnitate
590 3694 712 3746 securos,
728 3684 761 3737 ad
772 3685 934 3753 gravitatem
955 3698 983 3743 et
1009 3704 1076 3744 con-

282 3767 454 3823 suetudinem
482 3768 585 3838 regiam
604 3778 630 3826 te
656 3769 817 3828 inlornrans.
842 3773 991 3831 Personam
1007 3793 1074 3834 vero

285 3863 360 3911 trram
373 3865 453 3914 cante
467 3862 616 3927 custodias,
629 3867 657 3917 el
669 3868 778 3930 torpore
790 3864 925 3931 deposito,
942 3866 1077 3923 sollieitu-

283 3946 375 4003 dinem
399 3964 479 4019 geras
502 3950 529 4005 in
551 3952 860 4021 omnibusrigilantern.
881 3955 910 4010 Si
938 3972 1003 4013 vero
1027 3961 1076 4015 tihi

282 4039 385 4097 videris
399 4043 552 4112 expedire,
572 4044 605 4099 ud
625 4046 888 4102 consummationem
906 4050 1076 4107 matrimonii

281 4131 338 4203 jam
356 4133 464 4189 tractati
483 4134 667 4206 (lilsecure
688 4139 834 4207 procedas;
853 4155 937 4209 snper
954 4158 1007 4212 quo
1027 4158 1078 4199 nos

286 4226 368 4281 mani
395 4225 502 4296 puellm,
528 4227 692 4297 patriarchae
703 4228 889 4301 hqrrilegensi,
909 4242 937 4288 et
957 4232 1078 4290 llcrrrico

223 4340 229 4349 ·
285 4316 321 4371 de
344 4316 519 4382 calandrino,
540 4334 590 4373 nec
613 4334 668 4375 non
693 4330 721 4376 et
746 4320 865 4377 llcn'rico
883 4325 916 4379 de
934 4324 1077 4393 blassecb,

286 4413 398 4461 nostras
412 4406 519 4463 litteras
534 4410 713 4468 destinamus.
731 4410 820 4482 Super
836 4415 923 4471 altero
937 4431 1001 4471 vero
1015 4424 1116 4483 con-D

282 4496 372 4569 lugia,
388 4499 411 4554 si
429 4499 477 4555 tibi
489 4509 516 4555 et
530 4501 645 4571 imperio
663 4504 790 4574 expedire
806 4507 983 4577 cognoveris,
1002 4517 1077 4564 tunm

284 4589 364 4645 nobis
378 4606 431 4645 non
447 4591 556 4648 dilleras
566 4593 766 4665 beneplacitum
780 4597 927 4665 iutimare,
941 4602 975 4654 de
990 4601 1078 4671 pleni·

283 4681 379 4738 tudine
393 4683 487 4754 gratia
512 4695 612 4741 nostrae
633 4702 747 4743 securus
763 4691 836 4759 quod
856 4693 997 4747 adomnia
1016 4708 1078 4762 quum

286 4770 336 4826 tibi
351 4773 508 4830 noverimus
523 4776 666 4844 profutura
693 4780 810 4851 diligens
832 4783 952 4837 studium
968 4783 1077 4852 impen-

286 4861 381 4918 demus
404 4871 434 4920 et
454 4881 564 4936 operam
590 4868 747 4928 efficacem:
773 4872 843 4928 sicut
866 4873 982 4929 dilectus
1004 4875 1078 4931 lilius

285 4955 418 5024 magister
444 4956 578 5015 llenricus
605 4962 718 5017 nuntius
740 4971 802 5019 tuus
822 4964 905 5035 regali
925 4968 1077 5035 prudentiae

285 5046 388 5115 poterit
409 5062 545 5119 exponere
557 5050 620 5107 viva
635 5067 712 5117 voce,
728 5056 775 5123 quai
791 5055 960 5126 diligentiam
977 5069 1006 5111 et
1020 5056 1078 5111 sul-

286 5135 456 5194 licitudinern
471 5150 601 5210 nostram,
624 5145 793 5216 propositum
807 5155 835 5201 ct
850 5145 973 5202 allectum
996 5162 1078 5217 quem

286 5226 361 5285 circa
376 5232 546 5305 legerimus,
562 5235 720 5305 plenissime
732 5236 875 5292 intellexit.

1124 539 1333 584 secernetscoeo
1351 542 1386 583 er
1399 539 1531 582 setseorvs
1544 539 1742 584 sumeremus
1755 541 1919 584 asennaeu-

1395 631 1484 676 oensis
1499 633 1645 675 secessas.

1154 710 1222 767 Cum
1238 709 1415 766 dissensionis
1433 711 1547 765 materia
1562 726 1622 781 quae
1639 711 1761 781 peccatis
1779 710 1918 784 erigenti-

1119 803 1170 860 bus
1183 803 1316 859 baotenns
1339 802 1366 858 in
1381 802 1498 874 imperio
1513 801 1656 875 pullulavit
1673 803 1756 860 ninris
1778 805 1912 860 damnosa

1121 894 1216 962 tuerit,
1231 909 1284 951 non
1300 903 1403 950 motum
1427 893 1552 951 llomano
1573 897 1699 968 imperio,
1719 897 1912 974 verumetiam

1122 987 1170 1042 toti
1190 985 1290 1057 populo
1308 985 1464 1042 Christiano
1479 1027 1487 1052 ,
1503 1003 1570 1054 nos,
1585 988 1631 1059 qui
1647 988 1683 1043 ad
1704 987 1826 1058 regimen
1852 987 1918 1044 uni·

1120 1077 1234 1133 versatis
1246 1077 1374 1132 Ecclesiae
1384 1091 1501 1148 superna
1515 1093 1609 1133 sumus
1621 1078 1802 1149 dispositione
1813 1077 1918 1146 uocati,

1122 1167 1242 1239 diligenti
1256 1167 1387 1225 debemus
1402 1169 1584 1225 sollieitudine
1595 1184 1751 1239 praecavere
1764 1183 1798 1225 ne
1811 1184 1858 1239 per
1870 1167 1918 1225 aii·

1122 1259 1198 1329 crrjars
1211 1257 1381 1314 insolentiam
1404 1261 1548 1316 reviviscat
1565 1275 1626 1330 quae
1639 1275 1687 1330 per
1707 1260 1829 1316 divinum
1843 1261 1918 1329 iudi-

1123 1352 1195 1406 cintn
1221 1359 1265 1404 cst
1286 1350 1404 1416 sublata,
1424 1353 1549 1420 qrraruuie
1575 1351 1640 1406 illud
1665 1351 1775 1406 crudele
1797 1351 1918 1406 iacimus

1121 1443 1286 1496 detestemur
1297 1443 1368 1511 quod
1381 1458 1396 1496 a
1411 1442 1475 1497 liliis
1489 1441 1571 1497 ilelial
1591 1443 1713 1512 nequiter
1729 1453 1772 1497 cst
1783 1444 1918 1498 commis-

1122 1546 1193 1586 snrn.
1214 1531 1348 1595 Quocirca
1375 1532 1541 1588 fraternitati
1566 1543 1664 1588 vestrae
1687 1547 1734 1603 per
1759 1535 1915 1604 apostolica

1122 1625 1223 1693 scripta
1240 1625 1399 1679 rrtandatnns
1414 1635 1442 1679 et
1454 1627 1480 1678 in
1494 1626 1595 1679 virtute
1608 1624 1765 1680 obedientia
1786 1625 1916 1681 districte

1123 1715 1295 1786 picentinus
1308 1725 1445 1785 quatenns
1460 1715 1494 1770 ad
1507 1729 1600 1784 pacem
1615 1715 1721 1784 imperii
1740 1713 1854 1770 fideliter
1867 1716 1917 1769 in-

1125 1809 1275 1873 tendentes,
1293 1807 1450 1862 nullatenus
1465 1806 1649 1876 permittatis,
1662 1813 1794 1877 querutum
1810 1821 1859 1874 pro
1877 1809 1917 1862 ri·

1123 1898 1197 1954 ribus
1213 1898 1343 1966 impedire
1356 1896 1479 1967 potestis,
1495 1903 1524 1949 nt
1538 1897 1684 1966 quisquam
1700 1895 1735 1949 de
1747 1909 1817 1950 novo
1830 1895 1916 1966 eliga-

1124 1990 1205 2044 turin
1227 2003 1327 2059 regem,
1342 2005 1376 2044 ne
1393 1987 1440 2043 hat
1455 1989 1619 2044 novissimus
1636 2001 1715 2042 error
1728 1985 1806 2056 pejor
1816 1987 1916 2058 priore.

1123 2079 1159 2135 Ut
1184 2089 1274 2135 autern
1300 2080 1390 2135 oraturis
1415 2078 1525 2133 tollatur
1539 2078 1650 2134 occasio
1671 2077 1851 2151 malignandi,
1867 2091 1918 2132 nus

1124 2181 1177 2225 tarn
1202 2170 1279 2226 robis
1303 2185 1385 2240 apuam
1409 2170 1470 2225 aliis
1487 2169 1700 2239 archiepiscopis
1724 2179 1753 2224 es
1778 2169 1917 2239 episcopis

1123 2261 1172 2317 sub
1181 2260 1385 2330 interpositione
1395 2261 1575 2316 anathematis
1589 2261 1753 2317 arrctoritate
1766 2261 1917 2329 apostolica

1123 2353 1310 2408 interdicimus
1329 2365 1363 2406 ne
1383 2352 1443 2422 (ptris
1455 2352 1570 2407 alterurn
1584 2354 1716 2422 inungere
1732 2351 1773 2406 rel
1785 2365 1919 2406 coronare

1122 2453 1287 2514 praesumat:
1314 2445 1350 2500 ita
1373 2453 1403 2499 ut
1430 2445 1488 2515 ipso
1509 2451 1570 2498 actu
1593 2445 1850 2499 excommunicatus
1864 2441 1919 2495 esi·

1122 2543 1176 2590 stat
1198 2533 1351 2604 orrieunquc
1365 2543 1459 2590 contra
1475 2535 1527 2589 hoc
1549 2533 1728 2604 apostolicum
1743 2533 1918 2588 interdictum

1123 2625 1156 2680 de
1174 2641 1243 2682 rrouo
1259 2626 1461 2696 praesumpserit
1475 2625 1633 2694 impendere
1651 2622 1694 2679 vel
1713 2622 1855 2692 suscipere
1867 2621 1919 2676 bu·

1120 2715 1237 2785 jusmodi
1264 2728 1480 2782 sacratnentnm;
1509 2717 1633 2786 sciatque
1664 2727 1694 2770 se
1724 2713 1866 2782 dignitatis
1892 2719 1920 2766 et

1122 2806 1227 2861 ordinis
1246 2805 1393 2876 periculum
1415 2804 1631 2870 incursurunt,si
1649 2804 1710 2874 qnis
1722 2803 1749 2858 in
1772 2803 1826 2857 bac
1842 2808 1920 2871 parte

1123 2895 1328 2967 praesumpserit
1341 2907 1463 2951 nostrum
1478 2895 1580 2950 violare
1594 2895 1762 2950 rnarrdatnrn.

1160 2989 1193 3044 ln
1218 2991 1338 3044 enrrrclem
1356 2991 1461 3043 modum
1476 2987 1670 3056 archiepiscopo
1682 2995 1706 3040 et
1720 2983 1848 3055 episcopis
1859 2981 1917 3052 su!-

1126 3081 1257 3152 [roguneir
1279 3081 1403 3136 Ecclesia·
1423 3079 1598 3152 linguarium
1623 3077 1657 3132 lu
1677 3078 1796 3132 eumdem
1811 3078 1918 3130 urodtns

1125 3172 1320 3241 archiepiscopo
1330 3180 1353 3223 el
1369 3171 1496 3239 episcopia
1513 3170 1691 3239 rrrffruponeis
1702 3168 1828 3222 ls'cclesioe
1839 3165 1919 3221 Colo·

1125 3264 1232 3317 nierrris.
1249 3260 1283 3315 ln
1296 3260 1415 3315 eurrrdem
1428 3261 1534 3315 artadum
1546 3260 1741 3329 archiepiscopo
1753 3268 1776 3313 et
1790 3259 1918 3327 episcopio

1125 3354 1302 3424 suffragancis
1336 3352 1462 3407 Ecclesiae
1489 3350 1699 3421 Suhbnrpensis.
1733 3350 1768 3405 ln
1795 3350 1917 3405 euntdcro

1125 3452 1233 3505 rrtadunr
1249 3449 1445 3517 archiepiscopo
1460 3456 1485 3501 et
1497 3448 1624 3516 episcopia
1640 3445 1816 3515 suffraganeis
1827 3443 1919 3498 Eccle-

1126 3545 1174 3597 ricc
1189 3541 1361 3595 Treuirensis.
1384 3538 1418 3593 ln
1429 3538 1548 3592 enotdcru
1560 3537 1666 3591 ruodnru
1683 3536 1810 3606 epriscopis
1821 3536 1919 3605 suffro-

1126 3634 1216 3704 guneis
1228 3630 1354 3685 Ecclesiae
1371 3629 1530 3684 Bremensis.
1549 3627 1618 3683 ltent
1636 3629 1795 3699 patriarche
1812 3625 1919 3697 Agraiis·

1126 3725 1199 3797 pensi
1212 3732 1236 3779 et
1250 3721 1499 3793 suffraganeirejus.

1489 3812 1566 3869 CLV.

1129 3922 1266 3964 universas
1281 3920 1446 3962 annueramus
1459 3919 1515 3960 τιιι
1533 3919 1745 3961 ecetesrssrtcrs
1758 3918 1832 3967 ouant
1849 3918 1918 3960 uns·

1284 4014 1361 4055 otnts
1380 4014 1407 4053 ιιι
1423 4012 1560 4055 reurotnn
1576 4012 1763 4053 consumeris.

1165 4090 1232 4146 Cum
1253 4089 1432 4145 dissensionis
1451 4089 1583 4154 materia,
1610 4099 1675 4152 etc..
1689 4104 1772 4158 usque
1789 4086 1918 4153 Quocirca

1130 4180 1332 4235 nutriversitatem
1359 4188 1476 4234 vestram
1504 4178 1652 4249 rogandam
1671 4179 1800 4233 dratimus
1822 4187 1850 4231 et
1864 4192 1919 4231 rriu-

1130 4272 1264 4337 nendam,
1290 4285 1338 4340 per
1357 4270 1507 4340 apostolica
1526 4270 1604 4325 vohis
1632 4270 1732 4337 scripta
1749 4270 1916 4329 mamlnntes,

1131 4373 1158 4418 et
1171 4364 1197 4418 in
1214 4362 1401 4417 remissionem
1419 4361 1608 4431 peccaminum
1627 4360 1815 4431 irrjrrngentes,
1827 4368 1919 4428 quian-

1131 4468 1181 4508 nus
1202 4454 1236 4509 ad
1251 4468 1345 4523 pacem
1363 4452 1472 4522 imperii
1494 4452 1611 4508 fideliter
1627 4452 1787 4507 intendatis.
1805 4464 1918 4505 eonsen-

1130 4546 1227 4601 tientes
1244 4544 1414 4616 dispositioni
1430 4545 1548 4610 divinae,
1564 4556 1625 4614 quae
1637 4546 1710 4599 circa
1726 4542 1918 4597 ornatissimum

1130 4636 1157 4690 in
1173 4634 1282 4691 Christo
1297 4634 1380 4689 lilium
1394 4644 1514 4689 nostrum
1529 4635 1663 4689 illustrent
1679 4648 1772 4703 regem
1792 4632 1919 4688 Ottoncm

1129 4727 1271 4782 evidenter
1293 4726 1399 4791 cirrect,
1428 4728 1510 4795 eique
1535 4727 1569 4781 ad
1598 4727 1747 4798 regendum
1775 4725 1921 4796 imperium

1129 4815 1275 4872 elllcaciter
1296 4817 1452 4883 assistatis;
1471 4832 1504 4871 ne
1518 4818 1540 4872 si
1556 4832 1666 4872 secnsa
1686 4830 1827 4887 quoquam
1846 4814 1922 4868 darn·

1130 4908 1212 4963 nubili
1225 4908 1306 4965 luerit
1319 4910 1460 4965 occasione
1473 4915 1678 4981 presumptum,
1690 4914 1790 4979 prcetcr
1801 4906 1921 4960 divinam

1130 5000 1260 5055 offensam
1274 5041 1281 5067 ,
1297 5000 1472 5070 apostolicam
1487 5016 1596 5071 ortoque
1617 5014 1763 5055 censuram
1786 4999 1920 5053 incurrat.

1130 5088 1185 5145 Nos
1199 5090 1269 5145 enirn
1283 5090 1371 5146 eidem
1385 5090 1439 5160 regi
1451 5132 1460 5157 ,
1473 5105 1553 5160 quem
1566 5090 1659 5146 divino
1668 5089 1772 5160 judicio
1784 5088 1924 5143 credimus

1130 5182 1323 5251 approbando,
1341 5190 1464 5237 nostrum
1480 5183 1506 5236 in
1521 5182 1574 5237 hac
1587 5190 1665 5250 parte
1675 5180 1810 5251 judicium
1827 5192 1924 5250 appro-

1132 5276 1223 5339 bante,
1238 5274 1326 5344 parati
1340 5290 1433 5331 sturnus
1448 5274 1481 5329 ad
1499 5274 1630 5331 bonorem
1650 5283 1678 5329 et
1691 5274 1861 5329 exaltionem
1875 5272 1925 5325 im·

1133 5365 1199 5433 perii
1216 5364 1335 5423 favorem
1350 5375 1377 5421 et
1390 5366 1519 5421 auxilinm
1536 5366 1690 5435 impertiri,
1706 5379 1768 5419 cum
1780 5362 1924 5419 credamus

1132 5456 1204 5525 ouon
1220 5466 1247 5511 et
1269 5456 1325 5526 ipsc
1336 5457 1370 5513 ad
1383 5456 1512 5513 honorem
1531 5466 1559 5513 et
1578 5456 1772 5511 exaltationem
1794 5452 1924 5509 Ecclesiae

1133 5548 1252 5604 studium
1273 5549 1338 5605 volit
1361 5558 1390 5605 et
1410 5564 1520 5621 operam
1546 5548 1694 5617 adhihere;
1720 5549 1758 5605 ita
1785 5546 1872 5619 quod,
1892 5558 1925 5601 eo

325 5721 382 5798 (te)
395 5724 463 5785 Cum
477 5729 533 5790 lilia
550 5730 666 5804 Philippi
682 5733 815 5794 beatrice.
830 5734 898 5795 Vide
912 5733 982 5794 inira
995 5735 1151 5810 epistile,
1169 5734 1229 5791 lid.
1249 5734 1308 5803 l8l,
1327 5732 1386 5791 182.
