4109 6325
160 368 209 427 iat
633 362 887 421 rourtrtcuttts
907 362 1002 420 ndito
1023 362 1079 432 itti,
1098 362 1235 419 caruisti
1258 361 1334 418 tait.
1742 364 1795 422 tui

194 482 292 537 demna
306 476 434 543 biterbii,
460 492 486 531 ur
501 476 562 533 iial.
577 478 702 549 Augusti,
714 478 887 549 pnrrtiilcatus
901 494 951 535 no-
964 498 989 557 Α
1006 488 1065 535 tum
1079 494 1192 536 asserun
1205 481 1363 550 pradictum
1375 476 1519 535 ecclesiam
1538 478 1632 535 Sancti
1660 478 1713 537 iiti
1728 493 1793 551 pru·

158 576 208 633 stri
221 586 294 628 auaro
310 568 482 628 duodecimo.
1002 572 1166 641 quibusdam
1182 570 1305 626 eeclesiis
1330 578 1359 626 et
1378 569 1459 627 rebus
1481 570 1541 627 aliis
1557 571 1583 626 in
1600 572 1793 629 concambium

521 661 590 719 xiii.
1006 669 1099 720 restro
1125 662 1240 717 duxerat
1263 660 1432 717 monasterio
1449 662 1661 719 concedendam.
1676 662 1718 721 at
1731 662 1791 720 lame

198 747 342 814 'sreruauo
360 768 557 811 caurnsmsusr
576 768 791 820 incursurscoro,
803 768 826 809 a.
841 768 869 809 a.
880 768 906 809 s.
1002 762 1095 809 numm
1112 752 1260 824 episcopus
1278 752 1420 822 proposuit
1433 763 1599 810 memoratus
1613 754 1794 813 intentionem

79 826 87 839 ’
481 859 634 900 carnarum.
1003 858 1081 901 suam
1096 859 1146 914 per
1159 846 1371 915 responsionum
1396 843 1550 913 hujusmodi
1566 860 1627 901 esse
1640 846 1793 905 fundatam.
1814 893 1817 898 .

294 938 475 995 discissione
493 937 606 1007 episcopi
628 935 829 993 lincolniensis.
1003 936 1072 993 Cum
1086 938 1159 993 euim
1175 952 1240 1008 pars
1262 949 1353 995 restra
1368 940 1576 1010 responderitsc
1590 942 1690 999 dictam
1704 942 1795 1000 eccle·

354 1028 492 1099 (viterbii,
507 1042 533 1081 rv
549 1026 609 1081 idai.
621 1026 759 1099 duqrrsti.)
1004 1028 1074 1084 siam
1085 1044 1120 1083 ex
1140 1031 1341 1098 permutatione
1355 1030 1427 1087 iaetu
1443 1046 1492 1102 per
1500 1032 1677 1090 Sabineusem
1689 1037 1795 1107 episco-

194 1124 253 1198 iiiii
270 1123 359 1193 Super
373 1121 480 1191 negotio
494 1119 693 1177 birrcuinieusis
707 1120 786 1177 eiecti
799 1136 852 1177 uun
865 1120 952 1177 solum
1005 1134 1071 1190 putu
1086 1122 1212 1178 obtinere
1224 1138 1305 1193 quam
1315 1124 1399 1179 etiam
1413 1126 1523 1196 publico
1538 1126 1677 1183 nitebatur
1691 1129 1794 1186 instru-

160 1212 333 1271 diserctiouis
358 1212 496 1281 spiritum,
522 1224 617 1263 verum
644 1208 725 1264 etiam
759 1211 953 1266 discretionem
1005 1222 1097 1269 merito
1108 1210 1235 1284 probare,
1250 1216 1374 1273 sortiteri
1382 1232 1431 1288 per
1442 1221 1666 1289 consequentiam
1681 1222 1795 1277 rideba-

150 1306 273 1379 ‘spiritus
293 1314 321 1360 te
333 1311 442 1374 oportet
469 1304 582 1369 labere,
603 1317 637 1357 ue
663 1301 744 1357 laciie
770 1302 953 1359 credasomui
1006 1313 1050 1359 tur
1061 1319 1090 1360 se
1102 1305 1215 1361 credere
1224 1310 1297 1377 quod
1312 1308 1427 1365 eeclesia
1438 1311 1582 1380 sepedicta
1597 1319 1719 1381 tempore
1730 1327 1794 1383 per·

160 1400 278 1471 spiritui,
296 1399 345 1455 sed
359 1398 447 1453 zelum
459 1396 563 1453 babeas
574 1394 725 1451 secundnm
739 1394 897 1463 seientiam,
909 1396 953 1453 di·
1005 1399 1165 1455 mutationis
1176 1401 1308 1470 pertinuit
1319 1404 1354 1457 ad
1362 1402 1511 1460 Ecclesiam
1529 1403 1717 1470 sabinensem,
1731 1421 1795 1460 eum

159 1492 431 1561 lipcuterattendeus
450 1490 522 1559 qdod
535 1488 581 1559 qui
598 1488 711 1543 nimium
728 1489 863 1559 emungit,
881 1488 956 1545 elicit
1005 1493 1170 1563 permutatio
1185 1494 1258 1548 iuter
1269 1503 1426 1551 ctrntractds
1440 1496 1517 1553 boram
1530 1496 1591 1552 ildei
1611 1504 1794 1567 cotnputetur,

160 1582 329 1655 sanquinem.
346 1597 407 1637 euru
422 1589 527 1653 tempus
542 1589 568 1635 et
582 1592 689 1652 tempus
704 1582 740 1636 sit
754 1582 829 1638 oanni
843 1580 955 1652 reiquae
1006 1597 1058 1638 uec
1074 1598 1137 1638 eum
1148 1583 1204 1641 aiio
1228 1600 1311 1655 quarn
1335 1600 1397 1642 earn
1424 1587 1535 1643 domiuo
1561 1587 1603 1643 rei
1626 1603 1689 1645 cum
1702 1601 1736 1643 eo
1747 1587 1795 1658 qui

160 1676 212 1734 snb
234 1673 305 1729 cmlo
330 1672 466 1729 consistit.
483 1671 579 1729 Uinde:
594 1672 691 1729 Omnia
716 1674 955 1745 bonaiutempnre
1006 1674 1124 1731 habetur
1151 1676 1211 1733 ineo
1237 1678 1339 1734 domini
1375 1678 1495 1747 legitime
1523 1680 1613 1735 ualeat
1639 1679 1794 1745 celebrari,

161 1781 221 1819 stan.
236 1764 306 1820 'iuis
319 1778 386 1835 erqo
408 1764 655 1821 cortsultatiouibus
676 1766 794 1821 breviter
809 1767 955 1838 respoude-
1007 1765 1139 1834 adjiciens
1158 1768 1242 1837 quod,
1270 1770 1322 1826 etsi
1351 1770 1515 1829 confessioni
1542 1771 1698 1841 huiusmodi
1720 1780 1794 1828 stare

163 1873 228 1913 ttttts
255 1857 363 1927 quodsi
385 1856 578 1912 Lincolnieuse
593 1855 739 1927 capitulum
763 1857 830 1913 alias
850 1857 955 1913 litteras
970 1836 993 1898 Β
1008 1857 1090 1915 reiiet
1114 1860 1141 1914 iu
1165 1845 1314 1931 qnantum'
1328 1872 1422 1919 eontra
1446 1866 1606 1921 resiscere
1630 1864 1794 1929 uidebatur,

166 1950 200 2006 de
219 1964 331 2004 assensn
348 1949 420 2019 regio
439 1948 479 2003 rei
505 1948 623 2003 uoluerit
644 1947 686 2004 uei
702 1948 854 2019 nequiverit
870 1948 955 2019 impe-
1007 1948 1218 2008 instrumentum
1236 1963 1326 2012 tamen
1349 1956 1610 2025 laniusmodicontra
1634 1972 1665 2012 se
1682 1957 1796 2012 minime

167 2050 252 2103 trare,
269 2038 401 2095 srrfficiuut
420 2040 580 2110 impetratur,
596 2054 630 2095 ue
644 2039 874 2109 lortesubspccie
889 2054 954 2097 eou-
1006 2041 1177 2108 admittebat,
1193 2046 1266 2114 quod
1292 2062 1342 2103 nee
1373 2047 1527 2103 tabellionis
1550 2048 1722 2112 auctoritate,
1744 2062 1793 2104 uec

164 2132 320 2189 suetudinis
346 2132 500 2203 approbatae
526 2144 648 2201 quaerero
671 2130 789 2187 riaiearis
810 2131 954 2187 utilitatem
1005 2133 1205 2207 subscriptione
1215 2137 1325 2193 testium
1335 2139 1505 2209 dtqarnsctuu
1516 2153 1578 2195 esse
1590 2137 1723 2195 iutcttum.
1740 2138 1794 2195 Sed

162 2223 251 2291 magis
261 2223 397 2292 propriam
413 2236 494 2293 quam
508 2236 691 2277 couniamuem.
707 2220 736 2277 Si
747 2232 838 2277 autem
852 2220 955 2279 electus
1006 2224 1040 2279 ad
1054 2226 1106 2281 boe
1119 2240 1183 2297 pars
1193 2238 1284 2285 restra
1306 2231 1447 2300 respondit
1459 2230 1545 2299 quod,
1560 2246 1622 2287 curn
1633 2239 1795 2300 procurator

163 2314 325 2370 canonicam
334 2314 521 2384 purgationem
534 2312 663 2370 obtulerit
676 2328 757 2383 super
773 2312 807 2369 iis
818 2312 955 2384 dequibus
1007 2315 1034 2371 id
1059 2318 1086 2374 iu
1107 2320 1216 2375 mudum
1231 2323 1402 2392 exceptionis
1425 2322 1566 2391 obiecerit,
1584 2337 1637 2379 nou
1652 2324 1796 2379 ridebatur

162 2406 343 2477 probabiliter
364 2414 406 2463 est
429 2416 572 2479 suspectus
603 2405 646 2463 rei
670 2406 780 2476 publice
797 2404 955 2475 iuiamatus,
1007 2422 1041 2465 ex
1054 2410 1177 2467 aduersae
1191 2415 1278 2483 partis
1298 2414 1450 2471 iutemiune
1463 2415 1548 2471 luisse
1564 2414 1796 2485 consessumquia

163 2500 356 2570 purgationem
386 2500 445 2572 ejus
470 2510 628 2557 accusatore
646 2484 798 2557 ¹deliciante
829 2500 955 2570 recipias,
1003 2498 1083 2569 justa
1106 2501 1242 2573 legitimas
1264 2505 1432 2573 sartetioues,
1450 2506 1498 2576 qui
1518 2508 1677 2576 exceptione
1699 2507 1795 2574 utitur,

165 2592 334 2649 moderando
345 2592 430 2664 ipsam
445 2607 507 2648 curn
523 2592 617 2663 quinta
633 2592 813 2661 probabilium
825 2607 956 2664 persona·
1008 2606 1062 2646 uon
1077 2593 1228 2649 restituatur
1255 2595 1288 2650 de
1313 2594 1465 2652 intentione
1489 2596 1650 2661 aduersarii,
1667 2612 1729 2653 cum
1741 2612 1796 2669 quo

161 2698 226 2741 nrm
237 2684 342 2740 ordinis
359 2684 401 2740 sui
420 2698 515 2739 mauu.
530 2684 609 2752 Quod
633 2684 657 2741 si
679 2700 730 2740 uee
755 2684 957 2755 inquisitionem
1008 2685 1506 2761 agitaucouiiteri,adtrupeusquod,
1522 2689 1573 2746 etsi
1585 2690 1795 2759 permutationis

162 2774 260 2832 subire
274 2790 326 2831 uec
340 2777 528 2847 purgationem
541 2775 672 2832 esitibere
687 2774 806 2832 uoluerit
830 2790 911 2845 super
923 2774 957 2831 iis
1009 2786 1131 2848 tempore
1140 2782 1294 2837 cmuobinm
1303 2782 1434 2839 Faciense
1443 2783 1591 2841 crediderit
1600 2784 1699 2840 dictam
1708 2785 1797 2841 eccle·

162 2868 317 2940 dequibus,
341 2876 371 2924 ut
386 2868 516 2935 diximus,
544 2868 720 2937 probabiliter
747 2876 791 2923 est
815 2878 957 2937 suspectus
1008 2872 1077 2927 siam
1096 2872 1191 2928 Sancti
1208 2873 1263 2930 iiti
1276 2874 1310 2931 ad
1336 2874 1515 2932 Sabineusem
1536 2874 1688 2931 Ecclesiam
1713 2876 1800 2945 perti·

162 2962 208 3017 rel
230 2960 339 3033 publice
362 2961 509 3017 iniamatus
525 2960 736 3032 impedientibus
755 2962 956 3031 promotionem
1009 2977 1092 3029 uerc,
1108 2974 1372 3034 procuratorunrcu
1389 2967 1537 3037 praedictus
1554 2981 1588 3022 ex
1612 2968 1798 3025 certiscausis

163 3052 413 3122 ipsiussecuudum
433 3052 579 3109 cartouicas
603 3054 770 3117 structiones,
796 3052 957 3109 electionem
1009 3067 1058 3108 seu
1081 3055 1274 3112 verisimilibus
1306 3058 1470 3127 conjecturis
1506 3058 1693 3117 credulitatem
1719 3073 1799 3114 suam

162 3142 227 3212 ejus
237 3141 452 3212 poterisdsidre
464 3156 583 3200 camare.
597 3143 636 3200 dd
652 3143 726 3210 baec,
740 3143 764 3200 si
786 3142 956 3201 biucnluieu·
998 3144 1182 3213 ¹postmodum
1193 3145 1281 3215 putuit
1292 3146 1383 3203 taliter
1395 3147 1544 3204 irtiormsre
1554 3158 1583 3206 ut
1594 3149 1799 3206 ttttnocredertti

163 3235 352 3290 sesearrouiei
376 3239 512 3307 precepto
529 3243 576 3290 tun
601 3233 679 3304 iuxta
705 3234 820 3292 immam
836 3235 957 3291 trtsrtdati
1010 3237 1134 3292 earundem
1146 3236 1292 3294 ecclesiam
1316 3240 1350 3295 ad
1370 3238 1549 3298 Sabinenscm
1573 3230 1800 3298 Ecclesiamtunc

163 3327 257 3382 uestri
271 3341 369 3396 parere
384 3326 531 3393 noluerint,
547 3327 574 3383 iu
585 3341 632 3385 eos
647 3337 775 3398 tauquam
802 3327 959 3384 inobedien-

163 3428 248 3474 teset
259 3427 434 3474 contumaees
447 3419 606 3476 canonicam
634 3421 737 3489 poteris
759 3421 881 3489 prolerre
896 3433 960 3474 ced·

163 3523 276 3565 sarram.
290 3509 436 3578 erurn,
449 3511 507 3567 bae
520 3510 610 3566 omitia
633 3509 681 3565 tibi
704 3509 811 3566 noueris
828 3524 881 3565 uon
900 3517 960 3564 tau·

162 3619 255 3674 quam
270 3603 402 3674 delegato,
419 3605 466 3662 sed
482 3606 559 3675 quasi
571 3603 720 3668 ordinario,
734 3615 795 3658 esse
817 3601 959 3670 rescripta.

205 3696 305 3752 ilatum
327 3695 453 3765 viterbii,
476 3713 502 3752 rt
527 3695 588 3754 ilat.
612 3696 736 3768 dragusti,
761 3709 832 3750 atauo
860 3693 961 3750 duode-

163 3786 252 3845 mmm

541 3881 620 3938 xcii.

337 3986 433 4029 ausari
448 3987 483 4028 cr
497 3986 647 4028 couueurur
663 3985 797 4027 raussusr.

192 4064 379 4122 &sulcantur
390 4066 423 4120 ci
438 4065 604 4136 impetitione
627 4063 745 4134 episcopi
760 4059 924 4120 Sciiuenris.

1011 3329 1142 3398 temporis
1154 3345 1206 3386 raon
1218 3341 1366 3402 spectasse.
1374 3331 1799 3404 Porromemoratnsepiscopus,

1010 3418 1225 3488 adprobandum
1237 3421 1447 3491 quodiamdicta
1464 3424 1580 3481 ecclesia
1594 3424 1628 3480 ad
1638 3424 1706 3481 sein
1722 3435 1792 3480 marr·

1011 3511 1151 3581 poraiibtrs
1169 3515 1334 3585 pertinebat,
1357 3519 1488 3586 quosdam
1511 3526 1594 3574 testes
1620 3517 1799 3586 baturicum

1011 3619 1080 3676 quos
1094 3607 1232 3662 nitebatur
1245 3608 1470 3680 ostenderequod
1485 3610 1646 3665 iamdictam
1657 3608 1800 3666 ecclesiam

1011 3713 1093 3768 quam
1109 3698 1274 3768 molendina,
1288 3709 1376 3756 terras
1387 3699 1475 3757 etalia
1486 3703 1556 3758 bona
1569 3700 1801 3770 ejusSabineuses

1012 3788 1133 3859 episcopi
1150 3789 1253 3844 diutius
1265 3791 1455 3860 possederunt,
1466 3793 1500 3847 de
1511 3792 1564 3846 iliis
1580 3807 1629 3861 pre
1640 3792 1802 3848 suoevoiun·

1014 3880 1079 3937 tatis
1091 3880 1206 3937 arbitrio
1229 3879 1316 3937 libere
1340 3882 1518 3952 disponendo.
1545 3882 1658 3951 Quidam
1690 3897 1798 3955 quoquc

1013 3980 1097 4028 testes
1109 3971 1143 4028 ad
1161 3973 1328 4044 probandam
1343 3977 1577 4046 prescriptionem
1588 3993 1622 4034 eu
1635 3985 1728 4034 restra
1743 3975 1803 4034 lue

1014 4073 1079 4122 ruut
1102 4075 1179 4135 parte
1207 4067 1351 4136 producti;
1378 4083 1426 4139 per
1451 4085 1568 4140 qnomm
1593 4071 1804 4143 aliqnesretter

369 4157 505 4229 (iiterbii
518 4155 768 4228 taliumiuquti.)
1013 4164 1175 4229 procurator
1197 4158 1316 4213 asseruit
1335 4157 1500 4218 addicientes
1526 4174 1667 4220 ostensum
1691 4165 1765 4234 quud
1785 4180 1804 4223 tt

206 4247 267 4321 (ti)
290 4244 359 4305 Cum
390 4247 555 4305 venerabilis
578 4247 664 4302 irater
683 4254 776 4302 uester
805 4243 964 4301 Sabiuensis
1015 4248 1164 4318 nonaginta
1177 4247 1258 4304 arratis
1274 4249 1398 4305 eamdem
1412 4251 1556 4308 ecclesiam
1566 4268 1628 4309 cum
1640 4253 1804 4312 molendinis

167 4341 320 4411 episcopus
336 4353 430 4397 coram
450 4340 558 4396 dilectis
573 4339 637 4395 liliis
652 4337 753 4394 nostris
766 4335 881 4406 lingerio
894 4335 962 4392 tituli
1015 4347 1044 4394 et
1055 4339 1118 4394 aliis
1129 4341 1208 4398 bonis
1220 4342 1279 4413 ejus
1293 4354 1414 4400 restmm
1438 4345 1633 4401 monasterium
1646 4347 1806 4416 possederat

171 4431 286 4489 Sanctae
299 4431 453 4488 Anastasis
480 4431 641 4501 presbytero
664 4436 693 4485 et
722 4427 834 4498 Pelagio
857 4425 964 4482 Sancte
1017 4431 1045 4487 iu
1063 4433 1166 4501 quiete.
1184 4433 1236 4489 Sed
1257 4439 1291 4492 ad
1314 4438 1367 4492 boc
1387 4452 1452 4508 pars
1479 4439 1599 4508 episcopi
1623 4438 1805 4510 respondebat

170 4521 267 4578 Lucia·
285 4521 320 4576 ad
346 4529 423 4592 septa
444 4519 509 4577 solis
531 4522 647 4578 diacone
668 4517 865 4584 cardinalibus,
895 4531 964 4588 quos
980 4524 1090 4594 pquod
1104 4527 1156 4581 etsi
1170 4526 1281 4596 quidam
1299 4538 1383 4585 testes
1407 4530 1441 4585 de
1471 4531 1619 4601 notragiuta
1632 4532 1805 4602 artnisriepn-

170 4614 267 4670 sibiet
282 4611 496 4684 representari
513 4609 800 4668 rostratoueessimus
815 4609 964 4674 auditores,
1017 4615 1252 4685 ucreuidcantur,
1268 4619 1333 4689 quia
1364 4630 1456 4676 tamen
1472 4621 1587 4692 dejuris
1617 4623 1713 4678 ordine
1738 4633 1805 4678 teut-

172 4705 323 4762 eecicsiam
341 4702 435 4759 Sancti
450 4703 505 4760 itti
519 4703 553 4757 de
566 4701 684 4759 Granico
708 4716 771 4759 cum
787 4701 844 4758 suis
858 4715 967 4773 posses·
1017 4721 1084 4778 pora
1099 4707 1345 4780 litimiacensem
1359 4725 1419 4781 quae
1435 4711 1600 4782 temporibus
1615 4713 1692 4768 boram
1702 4726 1805 4766 memo-

172 4797 300 4852 Siflsslbui
312 4795 408 4851 6156ῑὸ
420 4793 593 4866 diffinibilis
605 4792 738 4866 Ρθῑῖῐθδθῑ,
752 4807 880 4850 diseretis
891 4807 967 4848 estn-
1018 4797 1067 4853 ria
1077 4797 1228 4856 iunocentii
1241 4809 1269 4856 et
1279 4800 1427 4858 Alexandri
1443 4801 1631 4859 Romanorum
1643 4801 1801 4871 porutiiieun

173 4889 238 4947 dem
251 4887 286 4944 ad
301 4903 333 4944 se
348 4895 402 4942 tam
418 4887 444 4942 iu
469 4885 656 4957 spiritualibus
677 4900 758 4957 quam
771 4883 967 4958 tempumiibus
1019 4890 1206 4948 intercessisse
1221 4902 1382 4961 noscuntur,
1398 4905 1429 4952 et
1458 4895 1493 4952 de
1518 4907 1610 4952 nostra
1636 4894 1804 4964 indulgentia

173 4979 327 5054 pertinere,
344 4979 417 5036 idem
429 4987 600 5050 procurator,
616 4979 734 5034 uoudnm
762 4977 885 5050 ejusdem
903 4975 965 5048 epi·
1018 4983 1128 5052 speciali
1142 4983 1268 5056 episcopo
1281 4993 1433 5044 memorato
1460 5002 1590 5045 coracessa
1612 4994 1720 5052 temam
1733 4985 1805 5042 Cou-

176 5071 253 5143 scopi
266 5069 552 5135 intentionelundata,
565 5081 737 5140 praepropere
759 5066 799 5123 sic
815 5065 966 5138 respoudit,
1019 5075 1079 5130 rudi
1103 5059 1240 5147 quondam
1269 5076 1427 5135 sabinensis
1452 5077 1583 5148 episcopi,
1608 5092 1670 5132 cum
1693 5084 1806 5148 propter

176 5164 261 5233 qnod,
276 5163 329 5220 etsi
338 5165 411 5219 dicta
422 5163 537 5219 eeclesia
549 5161 650 5218 dandum
664 5159 744 5217 luerit
757 5159 883 5216 Ecclesiae
893 5157 969 5214 Sabi·
1019 5166 1079 5235 ejus
1102 5168 1268 5235 amanium,
1291 5169 1338 5240 quq
1359 5155 1524 5238 pasionum
1548 5182 1643 5224 cum„
1669 5167 1753 5240 gessii
1778 5168 1805 5221 q„

177 5255 283 5321 nensis,
295 5267 364 5310 ‘²¹¹¹'
373 5262 462 5309 limen
474 5253 617 5324 0i¹i⁸⁰⁰ill¹⁸
627 5267 681 5308 '¹⁰¹¹
695 5259 802 5322 Ρθῑθῐθῑ
816 5250 967 5316 vindicare,
1020 5257 1143 5316 Ecclesia
1161 5259 1371 5330 fflquntiuensi,
1386 5260 1532 5316 etiiiorum
1559 5259 1692 5318 incuriam
1706 5257 1807 5328 quibus

176 5361 260 5418 qnam
275 5363 308 5404 ex
321 5345 527 5419 permutationis
534 5361 616 5402 carisa
627 5345 758 5402 Fauieuse
772 5343 968 5400 monasterium
1020 5349 1179 5407 sibiueusis
1190 5352 1362 5422 episcopatus
1373 5351 1488 5408 dirersis
1498 5351 1666 5422 temporibus
1682 5351 1807 5407 untcura

176 5441 330 5506 obtinebat,
357 5441 391 5498 ad
415 5439 467 5497 hoe
486 5439 656 5512 pmbandnru
678 5438 814 5510 quoddam
837 5436 969 5492 exbibens
1019 5443 1176 5508 commissa,
1192 5440 1315 5510 cirrsdetn
1331 5441 1507 5512 episcopatus
1524 5441 1587 5512 iura
1610 5441 1733 5512 neglecta
1748 5438 1807 5494 lne-

178 5533 403 5598 iustrumeutum,
421 5533 449 5588 iu
476 5547 531 5604 quo
547 5532 683 5590 contineri
697 5531 785 5604 prima
809 5528 880 5586 lacie
894 5528 969 5608 vide·
1020 5533 1087 5598 rint,
1100 5533 1216 5590 debcant
1228 5535 1262 5588 de
1277 5533 1480 5604 computatione
1502 5535 1626 5600 subduci,
1649 5548 1711 5589 cunt
1729 5545 1807 5590 eura·

179 5625 261 5683 batur
275 5627 348 5697 quod
362 5625 473 5683 'ibeodo
487 5625 630 5697 episcopas
644 5640 707 5683 enm
719 5639 830 5683 suorum
840 5627 971 5682 sacerdo·
1019 5627 1081 5683 dem
1093 5627 1250 5698 episcopum
1260 5626 1287 5681 in
1300 5641 1334 5684 eo
1347 5636 1419 5683 statu
1433 5627 1522 5698 quoad
1535 5626 1705 5683 deiendeuda
1728 5621 1808 5681 Saiti—

220 5740 274 5810 iiiii
287 5741 355 5795 iilic
369 5754 449 5810 supra
464 5743 543 5810 epist.
558 5740 603 5796 aa.
1056 5740 1114 5816 (66)
1129 5739 1196 5801 ilde
1210 5757 1302 5816 supra,
1318 5743 1366 5802 lib.
1382 5759 1420 5811 nr,
1432 5743 1511 5817 epist.
1528 5743 1573 5812 tt,
1590 5741 1653 5798 itii.

219 5812 273 5884 (65)
287 5809 352 5867 Vide
362 5811 440 5882 epist.
453 5825 510 5880 seq.
