4109 6325
186 236 238 292 arr
641 220 894 293 ronrrrroarus
914 237 1009 298 anno
1026 240 1096 307 ιιι,
1115 240 1252 297 crrntsrt
1268 240 1347 300 asra.
1766 247 1824 309 trs

187 355 232 412 tis.
248 351 302 409 Sed
316 354 450 409 miramur
464 352 546 423 quod,
561 352 631 409 sicut
655 353 826 423 accepimus,
840 368 902 411 cum
918 356 978 427 epi·
994 360 1017 416 ιι
1068 357 1163 411 Oatnm
1179 355 1291 426 Signiae,
1301 372 1318 410 a
1329 353 1533 421 ldusOctobris,
1547 356 1720 428 pontillcatus
1733 364 1818 419 nostri

187 462 287 517 scopos
305 454 333 503 et
358 447 518 515 praepositus
543 445 681 515 saepedicti
698 446 732 502 ab
745 447 902 502 eorumdem
926 447 980 503 ira·
1030 449 1316 503 annosextoclecimo.

187 549 257 592 trom
273 536 381 606 injuriis
395 551 449 593 non
470 538 659 593 revocaverint
674 552 770 593 manus
787 552 867 603 suas,
893 552 979 609 eoque

186 628 284 684 lortins
295 636 497 699 persequantur
509 632 618 683 eosdem
636 644 690 697 qno
711 627 847 685 difficilius
866 642 979 701 possunt

186 720 288 775 babere
309 734 450 775 recursum
476 720 510 775 ad
537 720 627 776 aedem
644 720 821 789 apostolicam
847 731 920 778 tuam
937 739 979 781 re-

187 809 264 874 moti,
277 824 326 864 uos
337 808 494 864 mandatum
509 816 629 865 nostrum
643 810 754 879 exsequi
778 826 832 867 iton
850 814 978 882 curastis,

186 912 218 951 cx
235 898 357 954 absentia
373 897 454 953 unius
474 907 594 954 restrum
613 898 758 956 occasione
779 900 920 959 dilationis
935 918 979 959 as-

1377 538 1469 595 cxlii.

1064 641 1180 693 aaarrt,
1199 642 1300 692 aaroni,
1319 644 1354 682 rr
1373 644 1504 685 castrato
1524 646 1557 684 aa
1576 643 1666 688 uonrs
1689 646 1784 690 stnsrt

1216 731 1321 771 nicenti
1346 730 1464 771 nrssusrs
1489 733 1629 777 ntoeeasrs.

1247 804 1281 860 ιιι
1295 814 1432 876 protegant
1448 808 1599 876 ueopirgtoa.

1223 896 1346 971 (Signia,
1368 897 1459 953 vidus
1476 897 1624 969 Octobris.)

187 998 312 1061 sumpta,
337 988 404 1045 satis
425 988 559 1060 siquidem
583 988 679 1048 irivola
708 1001 736 1048 et
753 992 847 1061 inani,
872 1008 934 1050 cunr
950 997 978 1051 in
1062 987 1130 1045 com
1147 997 1270 1060 pastores
1291 987 1419 1043 Ecclesiae
1434 1002 1499 1044 oues
1512 1002 1561 1057 per
1575 989 1682 1045 devium
1702 989 1819 1047 inlideli·

187 1078 284 1135 litteris
299 1094 348 1149 pro
364 1078 468 1135 eisdem
492 1078 623 1137 iratribus
648 1082 682 1137 ad
708 1096 758 1139 uos
778 1084 869 1142 missis
889 1086 979 1143 coriti·
1028 1082 1092 1137 tatis
1105 1087 1229 1136 errantes
1243 1079 1277 1134 ad
1292 1078 1364 1134 ovile
1375 1078 1558 1148 Dominicum‚
1572 1094 1627 1134 non
1644 1079 1731 1137 solum
1747 1097 1818 1152 praa·

187 1160 299 1227 neretur'
321 1186 450 1242 expresse
470 1172 542 1243 quod
563 1172 586 1228 si
602 1188 761 1232 nonomnes
776 1176 810 1233 iis
824 1191 978 1247 exsequen·
1028 1170 1173 1228 dicationis
1197 1167 1297 1235 cilicio,
1323 1170 1475 1225 sedetiam
1500 1168 1695 1226 ῑιιιιθΐιιῑθῐῑιιι
1720 1174 1817 1243 gratia,

187 1262 231 1319 dis
260 1264 393 1319 interesse
420 1263 547 1333 possetis,
571 1263 624 1319 duo
653 1273 774 1321 restrum
805 1282 835 1323 ca
864 1268 976 1339 exsequi
1028 1262 1145 1318 debcant
1163 1262 1290 1325 inuitare,
1306 1274 1390 1329 grace
1403 1260 1523 1332 gerimus
1536 1269 1566 1317 ιι
1582 1260 1722 1332 indignum
1735 1265 1818 1331 quod,

188 1356 383 1427 procurarint,
412 1364 439 1412 et
468 1356 508 1411 sic
537 1354 637 1413 iratres
660 1358 781 1427 praedicti
822 1360 857 1415 ob
895 1374 978 1417 morae
1027 1352 1454 1424 sicutaccepimus,venerabilis
1472 1353 1560 1409 irater
1580 1362 1675 1409 noster
1694 1352 1819 1424 lligensis

187 1447 358 1517 dispendium
372 1447 512 1502 adsedem
526 1448 701 1517 apostolicam
720 1450 900 1520 appellarunt.
926 1448 977 1508 lio·
1026 1446 1169 1518 episcopus
1191 1444 1323 1515 quosdam
1349 1443 1508 1516 neophytos,
1523 1444 1569 1500 vix
1586 1444 1675 1501 adbuc
1689 1446 1768 1516 plene
1791 1446 1819 1501 in

187 1538 274 1595 lentes
298 1538 382 1608 igitur
403 1540 562 1595 eorumdem
577 1537 692 1595 lratrum
713 1539 815 1597 differri
829 1542 974 1612 justitiam,
1026 1544 1129 1593 sanctae
1143 1536 1204 1592 lidei
1225 1535 1378 1591 eruditione
1399 1535 1548 1606 plantatos,
1565 1534 1592 1589 in
1618 1534 1746 1608 injuriam
1766 1538 1820 1590 lra-

186 1644 235 1700 per
249 1630 345 1685 iterata
357 1629 434 1685 uobis
449 1629 548 1699 scripta
567 1632 688 1687 districte
701 1633 882 1701 precipiendo
897 1650 974 1689 man·
1027 1638 1097 1685 trum
1114 1626 1217 1682 militias
1229 1624 1329 1682 Christi
1344 1625 1500 1682 exhaeredat
1514 1626 1541 1681 in
1555 1626 1636 1697 liig'a,
1651 1636 1679 1683 et
1692 1626 1760 1683 alias
1776 1626 1820 1683 in·

187 1720 285 1773 damus
302 1726 433 1788 quatenns
453 1718 480 1774 in
498 1718 627 1788 praedicto
648 1721 754 1789 negotio
772 1723 920 1778 secundum
936 1732 975 1779 te·
990 1707 1011 1763 Β
1026 1721 1115 1777 debita
1140 1717 1327 1775 molestatione
1352 1718 1449 1789 latigat
1470 1718 1555 1792 (tas).
1589 1718 1666 1777 Unde
1686 1719 1820 1792 contingit

185 1824 280 1865 norem
300 1810 508 1879 praecedentium
528 1811 679 1866 litterarum
699 1814 772 1869 omni
786 1814 931 1871 occasione
946 1823 974 1870 et
1025 1811 1097 1882 quod
1112 1809 1292 1882 respicientes
1308 1819 1383 1867 retro
1394 1812 1441 1881 qui
1453 1815 1489 1867 ad
1504 1818 1625 1867 aratrum
1636 1811 1694 1881 iam
1708 1827 1818 1869 manum

187 1898 369 1971 appellatione
393 1900 562 1957 cessantibus
589 1902 759 1971 procedatis,
792 1912 975 1961 memoratum
1025 1908 1189 1973 posuerant,
1210 1899 1312 1956 Christi
1329 1900 1423 1969 jugum
1442 1899 1592 1970 abjiciunt,
1613 1899 1765 1958 relabentes
1790 1901 1819 1957 in

184 1992 342 2063 episcopum
358 1991 392 2046 ad
406 1993 542 2061 predictae
556 1994 760 2063 compositionis
773 1995 974 2053 observantiam
1024 1994 1146 2065 pristine
1158 1992 1319 2065 gentilitatis
1345 2005 1477 2062 errorem,
1491 2008 1554 2049 cum
1577 1992 1603 2046 in
1616 1992 1672 2062 J'am
1688 1990 1820 2049 Christia-

185 2098 234 2153 pcr
261 2086 464 2155 suspensionem
496 2086 657 2158 pontificalis
685 2088 765 2143 cilicii
791 2096 818 2144 et
839 2089 972 2155 etiamsi
1025 2102 1077 2143 nos
1100 2101 1132 2141 ea
1155 2093 1302 2156 praesumat
1332 2094 1501 2141 memoratus
1542 2084 1686 2155 episcopus
1707 2098 1768 2155 quae
1792 2085 1820 2139 in

189 2188 257 2243 opus
272 2174 363 2241 luerit,
377 2176 665 2233 excommunicationis
680 2178 842 2234 sententiam
857 2180 973 2252 corripel-
1024 2180 1137 2251 gentiles
1159 2178 1312 2234 nullatenus
1331 2186 1488 2234 attentaret.
1504 2175 1632 2233 Veientes
1650 2175 1732 2246 igitur
1746 2190 1819 2245 prac-

185 2262 282 2321 lcntes.
295 2264 336 2319 ‘lu
350 2264 475 2337 deniqqe,
491 2265 527 2321 lili
541 2267 636 2335 abbas,
648 2282 729 2338 super
742 2269 837 2339 teipso,
846 2278 899 2324 etc.

221 2358 317 2413 ilatum
334 2357 443 2429 Signiae,
458 2373 483 2413 ιι
499 2358 560 2415 ldus
574 2358 710 2425 Octobris,
730 2360 904 2431 pontiilcatus
925 2376 973 2416 no-

184 2450 233 2506 stri
250 2460 322 2505 aiano
340 2458 417 2506 serto
433 2450 550 2506 decimo.

539 2570 621 2642 uxr.

93 2748 96 2753 Ι
184 2692 398 2745 aocaterrscorm
418 2694 531 2746 ιιΕῦιιιΟ,
552 2695 588 2736 Ιιῗ
607 2692 761 2736 PRAEPOSlTO
780 2691 972 2737 tarsensibus

253 2790 292 2846 Da
305 2790 470 2847 institutione
483 2792 542 2846 noui
557 2791 722 2861 episcopatur
739 2790 767 2845 in
779 2788 900 2845 livonia.

334 2880 459 2953 (Signiae,
475 2897 490 2935 r
505 2882 567 2938 ldus
581 2881 730 2953 Octobris.)
748 2879 822 2953 (ιιι)

218 2993 284 3049 Cum
299 3008 332 3050 co
354 2993 469 3051 iaciente
490 2996 536 3065 qui
563 2996 638 3050 venit
660 2996 765 3051 salvum
787 2994 878 3051 lacere
902 2996 973 3065 qnod

182 3084 302 3153 perierat
322 3091 349 3139 et
363 3084 512 3140 Ecclesiam
533 3100 610 3139 snam
628 3102 697 3141 nova
715 3100 823 3155 semper
837 3085 913 3155 prole
933 3083 973 3139 ie-

182 3176 294 3239 cmrdat,
312 3173 424 3231 Saclcela
442 3184 470 3231 ιι
484 3177 665 3248 liugenlmsen
681 3180 714 3233 dc
735 3192 804 3233 novo
823 3177 973 3248 receperint

182 3265 296 3320 uerbum
310 3266 368 3331 ιιιι,
382 3275 410 3322 ιι
424 3281 473 3336 per
495 3267 567 3324 illius
590 3269 805 3325 nriscricordiam
829 3268 876 3339 qui
900 3277 974 3323 rests

183 3367 285 3414 nostras
297 3358 460 3415 humilitatis
472 3359 594 3426 indutos,
607 3361 734 3432 dignatus
748 3369 789 3416 est
804 3359 973 3432 peregrinari

1024 2274 1111 2331 dictos
1131 2270 1281 2341 neopbytos
1297 2269 1387 2325 debita
1402 2272 1494 2341 quiete
1511 2269 1643 2343 gaudere,
1657 2265 1822 2325 discretioni

1023 2370 1120 2416 uestrae
1132 2374 1180 2430 per
1201 2358 1349 2430 apostolica
1366 2360 1468 2430 scripta
1495 2360 1659 2415 mandamus
1686 2364 1819 2427 quatenns

1023 2452 1209 2522 supradictum
1232 2451 1390 2523 episcopum
1413 2450 1448 2506 ab
1463 2452 1584 2523 ipsorum
1606 2451 1713 2521 injuriis
1727 2450 1820 2512 distri-

1023 2545 1113 2601 ctione
1139 2559 1193 2616 qua
1220 2542 1359 2608 convenit,
1378 2541 1485 2597 sublato
1517 2540 1704 2613 appellationis
1726 2540 1819 2597 obsta·
1845 2570 1849 2575 ι

1023 2637 1096 2702 ιιιιο,
1111 2635 1299 2706 compescatis.
1324 2633 1402 2701 Quod
1428 2633 1451 2687 si
1477 2648 1531 2688 non
1545 2643 1741 2701 omnes,etc.,
1767 2634 1820 2689 duo
1844 2641 1848 2648 “

1023 2737 1163 2796 restrum,
1187 2738 1241 2783 etc.
1267 2726 1308 2782 Tu
1331 2726 1465 2797 deniqne,
1494 2726 1532 2783 llli
1553 2726 1656 2791 abbas,
1675 2739 1758 2797 super
1778 2732 1820 2781 tc·

1024 2818 1095 2890 ipso,
1112 2828 1167 2873 etc.

1060 2912 1156 2967 batum
1168 2908 1278 2981 Signiae,
1289 2926 1306 2965 r
1316 2909 1379 2966 ldus
1391 2910 1528 2977 Octobris,
1543 2911 1717 2982 pontificatus
1731 2910 1821 2967 nostri

1025 3017 1097 3057 antor
1110 3002 1315 3058 sextodecimo.

1368 3091 1473 3149 cxxii.

1043 3201 1139 3242 aaaron
1159 3201 1193 3240 na
1212 3200 1384 3249 comninos,
1403 3198 1439 3240 rer
1458 3199 1492 3238 os
1511 3197 1699 3251 nonrnatnna,
1713 3199 1750 3241 ιτ
1768 3199 1801 3240 ιιι

1074 3293 1264 3334 suracnasnna
1285 3290 1448 3332 naeuosrrrs
1466 3288 1612 3331 suanensis
1630 3289 1770 3331 armensis.

1060 3368 1165 3422 Dantur
1190 3377 1386 3422 conservatores
1408 3365 1537 3436 [ratribus
1558 3366 1661 3420 nrititiur
1674 3364 1783 3422 Cicirri.

182 3466 232 3520 pro
247 3451 373 3519 subditis,
385 3460 414 3507 nt
425 3467 473 3508 cos
484 3467 608 3522 supernae
621 3454 715 3524 parrtae
727 3455 801 3510 cives
818 3461 846 3508 ct
865 3461 973 3508 eterna,-
1229 3457 1351 3530 (Signiae,
1369 3473 1383 3510 ι
1396 3456 1459 3513 ldus
1470 3455 1619 3526 Octobris.)

182 3539 358 3598 beatitudinis
387 3540 489 3597 laceret
524 3540 699 3607 coirrcrcdes,
726 3541 774 3597 liei
798 3541 973 3612 Evangelium
1061 3547 1192 3615 Quoniam
1209 3548 1290 3603 nitriis
1304 3547 1507 3617 dispendiosum
1521 3555 1603 3602 estet
1618 3561 1700 3618 grave
1713 3546 1821 3603 dilectis

182 3630 973 3703 quasisemeocadensinterrambonampcrpartcsillas
1025 3637 1089 3693 iliis
1121 3635 1254 3694 iratribus
1284 3636 1388 3692 militiae
1413 3637 1519 3694 Cbristi
1544 3637 1578 3692 de
1599 3637 1732 3704 Lironia,
1757 3653 1818 3692 curn

183 3723 310 3794 sitlongc
327 3723 433 3794 lutoque
452 3722 588 3791 diliusnm,
607 3739 656 3780 nee
677 3725 740 3780 boio
759 3723 872 3780 novellae
895 3724 973 3794 plan·
1025 3730 1080 3785 sint
1105 3729 1134 3785 ia
1159 3729 1272 3784 remotis
1299 3730 1424 3799 partibus
1447 3728 1608 3797 coristituti,
1631 3745 1680 3799 pro
1706 3729 1820 3800 singulis

183 3817 278 3870 talioni
302 3815 437 3886 diligentis
459 3815 584 3886 agricolae
611 3831 676 3871 cura
699 3816 788 3883 desit,
810 3825 904 3872 nostro
925 3817 974 3871 init
1025 3821 1143 3892 querelis
1166 3821 1342 3892 apostolicam
1361 3821 1453 3877 sedem
1473 3821 1562 3887 adire,
1583 3835 1645 3875 corn
1664 3820 1820 3889 lreqnenter

184 3906 346 3976 apostolatui
365 3905 544 3976 supplicatum
564 3914 593 3960 ut
613 3915 640 3961 et
659 3905 725 3962 locis
744 3921 793 3978 per
808 3907 974 3978 episcopalis
1025 3911 1148 3968 annuitis
1165 3920 1219 3966 tam
1234 3912 1341 3967 clericis
1356 3927 1438 3981 quam
1462 3911 1541 3968 laicis
1555 3911 1685 3983 gravibus
1698 3913 1753 3966 siut
1775 3913 1818 3967 in·

184 4086 231 4144 lati
248 4087 458 4144 sollicitudinem
479 4088 631 4148 laceremus
653 4091 714 4147 sinc
732 4106 815 4148 morte
834 4091 975 4162 dispendio
1025 4094 1066 4149 cis
1078 4093 1204 4149 duximus
1219 4093 1428 4162 providendum.
1447 4091 1580 4159 Quocirca
1597 4091 1753 4146 discretioni
1770 4107 1818 4146 rc·

184 4183 333 4254 prouideri.
358 4181 397 4237 Ne
411 4183 494 4253 igitur
506 4185 579 4256 gregi
592 4185 734 4241 Dominico
754 4183 825 4240 desit
844 4199 908 4240 cora
925 4199 973 4254 pa·
1025 4197 1089 4243 strar
1103 4201 1151 4256 per
1163 4185 1310 4254 apostolica
1333 4183 1435 4254 scripta
1460 4182 1643 4254 precipiendo
1658 4181 1819 4236 mandamus

185 4276 278 4342 storis,
292 4291 353 4330 cnm
371 4276 461 4331 adbuc
483 4277 658 4348 lopusropax
684 4276 836 4332 circumeat
851 4290 974 4345 quaerens
1025 4285 1246 4347 quatenus,cum
1271 4275 1380 4330 edictis
1401 4273 1533 4330 iratribus
1555 4273 1661 4328 lueritis
1684 4273 1818 4342 requisiti,

184 4383 265 4436 quern
288 4368 409 4432 deuoret,
433 4377 544 4437 paratus
563 4382 596 4423 eo
613 4367 711 4425 lortius
732 4369 765 4422 ad
782 4368 904 4438 rapinam
921 4380 974 4437 qno
991 4366 1216 4439 pmalelactores
1236 4381 1331 4421 corum
1347 4366 1374 4421 in
1389 4363 1532 4421 Bremensi
1554 4365 1694 4435 prouincia
1716 4365 1818 4419 consti·

184 4460 321 4516 recentius
343 4460 460 4532 perdidit
482 4461 553 4531 quod
580 4461 625 4516 dio
651 4468 777 4515 tenuerat
800 4469 973 4531 occupatum,
1027 4466 1109 4526 tutos,
1125 4455 1310 4512 nteisablata
1326 4455 1480 4522 restituant,
1496 4455 1571 4510 etde
1588 4455 1696 4510 darnrtis
1707 4464 1735 4509 et
1750 4453 1819 4520 inju-

185 4550 342 4606 discrctioni
358 4561 455 4606 uestrae
472 4567 519 4622 per
531 4551 681 4624 apostolica
698 4551 800 4620 scripta
816 4550 975 4606 mandamus
1026 4549 1075 4606 riis
1097 4548 1224 4619 irrogatis
1249 4548 1420 4604 satisfaciant
1441 4557 1638 4618 competenter,
1658 4546 1701 4600 uel
1725 4545 1752 4599 in
1767 4545 1818 4598 ali-

185 4651 320 4711 quatenus
340 4643 469 4714 inqnisita
489 4651 516 4698 ct
538 4643 645 4713 cognita
666 4643 791 4706 veritate,
815 4641 838 4696 si
859 4641 976 4710 qualitas
1026 4656 1094 4714 quos
1112 4641 1333 4713 compromittant
1346 4640 1392 4710 qui
1405 4637 1585 4708 appellatione
1607 4644 1720 4701 remota,
1738 4635 1819 4706 justi·

185 4731 306 4787 locomrn
328 4733 493 4804 poposcerit,
515 4749 547 4790 ac
569 4733 712 4789 facultates
731 4731 876 4796 sullieiaot,
889 4740 917 4785 et
930 4745 976 4786 cx·
1027 4735 1064 4789 tia
1079 4735 1230 4798 mediante,
1250 4730 1410 4803 procedant,
1428 4744 1477 4799 per
1496 4741 1636 4783 cerasoram
1652 4725 1819 4782 ecclesiasti-

184 4823 280 4895 pedire
294 4826 426 4890 sideritis,
439 4825 796 4896 episcopatumauctoritote
805 4831 897 4879 nostra
912 4837 977 4878 con·
1026 4839 1099 4891 cam,
1110 4823 1217 4879 sublato
1227 4819 1416 4890 appellationis
1424 4815 1546 4888 dilingio,
1556 4813 1816 4887 comportatirqta's).

186 4915 306 4977 stitoatis
316 4917 428 4982 ibidem,
446 4926 474 4973 et
487 4916 590 4973 vocatis
605 4917 650 4985 qui
663 4914 765 4970 interint
778 4915 919 4980 evocandi,
929 4927 976 4984 per
1027 4913 1095 4980 Ornia
1118 4925 1183 4966 uero
1204 4908 1367 4964 uerrerabilis
1389 4907 1475 4963 irater
1501 4914 1596 4962 noster
1616 4902 1742 4974 Rigensis
1761 4901 1819 4970 epi·

186 5008 346 5065 clectionem
365 4993 523 5066 canonicam
537 5007 644 5063 faciatis
663 5007 721 5063 loco
737 5004 875 5076 etpopulo
887 5007 977 5076 prosi·
1027 5020 1127 5076 scopus
1141 5019 1199 5072 eos,
1219 5003 1289 5060 sicut
1316 5003 1483 5073 accepimns,
1502 4997 1639 5055 inmollis
1664 4996 1818 5067 opprimere

187 5097 246 5154 deri
258 5099 291 5154 de
304 5112 419 5166 persona
435 5099 530 5153 idonea
551 5096 577 5150 in
592 5103 739 5166 pastorem,
751 5103 778 5150 et
785 5095 847 5167 jura
860 5109 920 5164 quae
931 5094 976 5149 de·
1027 5097 1178 5164 consucvit,
1193 5094 1317 5151 uolumus
1332 5104 1363 5149 ut
1377 5109 1438 5151 cum
1450 5091 1529 5150 robis
1543 5089 1697 5149 constiterit
1715 5102 1819 5144 memo·

188 5193 254 5248 beot
269 5191 303 5246 ad
316 5192 469 5260 episcopum
482 5199 509 5245 et
524 5187 671 5244 Ecclesiam
686 5189 823 5257 pertinere
843 5186 977 5258 assignari
1029 5198 1118 5244 ratum
1135 5188 1290 5258 episcopum
1314 5186 1449 5242 malitiose
1462 5199 1563 5242 nexare
1579 5181 1678 5239 iratres
1694 5177 1816 5245 eosdem,

187 5283 229 5338 eis
242 5283 347 5354 integre
367 5297 398 5338 ae
413 5282 513 5352 qrrietc.
530 5278 606 5348 Quod
627 5295 678 5335 non
691 5280 714 5334 si
732 5294 838 5346 omncs,
856 5288 923 5343 ete,
937 5287 976 5342 tu,
1028 5294 1091 5336 eum
1107 5280 1173 5350 ipsis
1190 5279 1217 5333 in
1233 5277 1360 5348 expensis
1379 5275 1509 5348 legitimis
1527 5272 1725 5333 condemnetis.
1740 5267 1817 5337 Ouod

189 5372 275 5430 irater
289 5373 502 5445 archiepiscope,
517 5382 569 5431 etc.
593 5369 633 5426 Tu
645 5371 777 5442 denique,
792 5371 876 5428 irater
889 5369 978 5426 arciri·
1029 5372 1052 5428 si
1077 5385 1130 5429 non
1159 5387 1264 5439 ornnes,
1291 5379 1358 5437 etc„
1385 5371 1440 5427 duo
1460 5380 1589 5437 restrum,
1606 5376 1659 5425 etc.
1685 5364 1725 5423 Tu
1740 5363 1818 5420 deni·

189 5465 325 5537 episcope,
341 5481 422 5538 super
436 5463 530 5535 teipso,
543 5472 595 5520 etc.
1029 5478 1092 5536 que,
1109 5463 1147 5520 illi
1161 5464 1256 5533 abbas,
1271 5478 1352 5536 super
1365 5465 1464 5535 teipso,
1479 5473 1532 5521 etc.

225 5577 300 5702 pil)
319 5579 387 5638 lide
402 5580 471 5638 inira
488 5579 565 5649 epist.
579 5575 641 5648 ιιι,
653 5577 716 5648 ιιι,
729 5578 810 5637 etlib.
824 5594 879 5648 ιιι,
898 5578 976 5650 epist.
1064 5576 1139 5688 (lbip
1159 5576 1226 5632 Vide
1243 5577 1322 5646 epist.
1335 5591 1392 5644 seq

192 5645 225 5700 ιι
1066 5645 1137 5718 qma
1159 5647 1225 5704 vide
1238 5661 1317 5719 snpra
1335 5645 1489 5718 epistl21
