4109 6325
169 312 223 368 tat
632 313 883 378 commercatus
902 318 997 378 ANNO
1014 319 1087 388 xil,
1102 320 1239 380 cllntsti
1258 322 1337 383 itti.
1744 326 1797 388 lid

167 435 211 484 ter
233 425 428 482 observabunt.
454 424 588 498 Neipitor
612 439 695 498 super
722 429 856 484 sententia
874 431 996 490 toticsd
1323 453 1466 514 cmlv,

164 516 329 574 condrmata
344 517 456 587 possitis
468 517 581 574 ulterius
603 517 752 584 molestari,
767 535 816 576 nos
833 522 955 579 eamdem

164 609 344 674 sententiam,
360 609 477 664 veritate
487 607 687 678 perspicaciter
701 609 848 679 intellecta,
869 613 956 670 invio-
1054 598 1304 646 ⁸¹⁸¹⁰⁵⁰²¹¹¹²¹¹¹⁰
1314 603 1490 646 ”mmm
1503 605 1673 652 ”mmm
1686 609 1761 656 ’ω’

164 697 239 753 labili
258 699 477 755 confirmationis
496 698 647 754 munimine
668 700 840 768 roboramus,
853 717 954 774 perpe·
1338 693 1453 736 mm·

162 795 240 847 tuum
254 790 333 846 altera
353 792 425 863 parti
437 791 575 847 silentium
596 790 777 860 imponentes,
804 808 838 848 ac
858 795 954 852 decer·
1110 787 1284 844 ⁰⁶⁶1me
1304 789 1491 860 α’(ἢῑθνῐΰωνῑ
1515 791 1688 855 Ni'wiff‘lttii·

162 893 259 938 nentes
271 883 379 939 irritum
393 894 420 940 et
438 885 517 939 inane
526 882 550 938 si
560 884 625 954 quid
638 886 671 940 de
686 893 784 941 caetero
795 888 955 956 apparuerit
1182 879 1334 950 materani,
1351 894 1382 935 ¹¹¹
1396 879 1455 935 Kil-
1469 881 1615 958 sandalii)

161 971 347 1044 impetratum.
361 972 432 1028 ΜΗ
448 989 514 1046 0¹8⁰
575 985 675 1032 '¹⁰⁸¹'ae
699 974 916 1033 ⁰0¹¹flfm²ll⁰¹tl⁸
926 984 954 1035 θῑ
1039 991 1209 1048 l‘raesentata
1221 994 1300 1050 nobis
1313 991 1448 1049 electione
1460 1009 1541 1064 quam
1558 998 1648 1056 dilecti
1679 1003 1727 1060 iiiii
1749 1021 1794 1064 ca-

160 1064 366 1120 constitutionis
377 1065 534 1136 diffindere,
549 1074 614 1132 etc,
629 1082 710 1138 “tiit
725 1065 909 1124 ¹⁰⁰⁰i⁸¹¹l¹¹m=
1003 1081 1117 1154 pitnlum
1140 1083 1307 1142 Nicosicnsis
1326 1087 1454 1144 Ecclesiae
1477 1089 1511 1144 de
1528 1089 1627 1147 diiecto
1651 1093 1706 1152 illio
1733 1115 1794 1156 ma·

197 1154 296 1210 ffllilffl
319 1154 460 1224 Melini,
475 1156 567 1215 idibus
589 1157 757 1226 Decembris,
781 1158 954 1228 Wilffifflill!
1003 1176 1089 1248 gistro
1101 1175 1360 1246 liurandocjusdem
1381 1178 1510 1235 Ecclesia
1527 1181 1697 1242 tltesaurario
1722 1189 1794 1246 cele·

160 1247 248 1302 ”⁰⁸1st
261 1257 446 1316 ²⁰⁰⁰(lliiil0
462 1247 579 1303 dicim·
1003 1267 1128 1333 brarunt,
1149 1267 1214 1322 iicet
1236 1266 1357 1337 ciusdem
1377 1270 1487 1340 capituli
1511 1281 1539 1328 et
1558 1271 1792 1345 suffraganeorum

491 1358 633 1418 cxxxiii.
1003 1372 1037 1412 ac
1064 1359 1221 1415 charissimi
1243 1361 1270 1416 in
1300 1359 1412 1416 Citristo
1428 1361 1476 1418 iiiii
1503 1364 1589 1420 nostri
1614 1363 1695 1437 Cypri
1721 1372 1794 1443 regis

159 1464 296 1508 messano
310 1466 434 1508 somaro
448 1467 482 1507 ns
494 1466 598 1510 corzon
612 1466 744 1508 ctnontco
758 1466 904 1510 rtntstntvsv
916 1467 952 1508 er
1002 1448 1115 1505 illustris
1128 1459 1156 1504 et
1167 1449 1286 1520 plurium
1299 1451 1415 1506 allorum
1428 1451 1536 1511 litteras
1550 1463 1733 1530 receperimus
1744 1478 1792 1519 su·

421 1557 610 1599 contonrcvsus
624 1557 692 1599 suaa.
1002 1554 1052 1610 pcr
1062 1556 1104 1608 ea,
1115 1541 1180 1613 quia
1196 1549 1287 1598 tamen
1311 1545 1419 1600 nonnisi
1449 1561 1520 1603 unus
1534 1549 1567 1604 de
1579 1549 1743 1610 electoribus
1763 1569 1794 1612 se

278 1629 384 1686 buntur
394 1633 508 1687 inducite
519 1634 555 1686 od
567 1634 756 1688 sacrationem
769 1633 832 1689 ooli.
1002 1641 1096 1687 nostro
1112 1634 1268 1703 conspectui
1281 1637 1465 1705 presentavit,
1492 1638 1653 1698 electionem
1670 1645 1794 1702 eumdem

325 1722 476 1794 (laterani,
494 1737 526 1778 vn
538 1723 601 1779 idus
614 1723 794 1791 Decembris.)
964 1720 1169 1837 ΒιιιίΙίιίιιιιιι
1180 1726 1338 1782 exantinare
1360 1729 1532 1798 nequivimus
1557 1735 1705 1792 secnndum
1731 1753 1794 1809 apo-

194 1814 317 1872 Dilectus
326 1814 398 1870 tilius
418 1814 518 1870 nobilis
532 1814 576 1869 sir
603 1813 741 1870 walterus
768 1814 894 1871 dominus
917 1818 951 1872 de
1002 1813 1104 1869 stolicae
1116 1814 1189 1870 sedis
1203 1829 1316 1872 morem.
1333 1816 1410 1874 Unde
1420 1835 1469 1876 nec
1480 1820 1563 1890 ipsam
1576 1823 1711 1884 valuimus
1727 1843 1794 1885 con·

157 1905 281 1962 Aneonis
293 1906 446 1962 transmissa
459 1905 538 1960 nobis
548 1905 679 1975 petitione
702 1907 864 1962 monstravit
878 1908 949 1978 quod
1001 1903 1123 1970 ilrmure,
1146 1919 1209 1962 cum
1233 1915 1261 1962 et
1288 1906 1386 1964 nobilis
1405 1908 1447 1964 vir
1472 1909 1616 1968 Gualterus
1632 1916 1666 1971 de
1686 1915 1793 1975 llonte·

158 2012 225 2052 cnm
248 1997 333 2054 aidau
349 1998 404 2053 suis
424 1997 545 2054 inumeris
554 1997 633 2068 signo
644 1998 734 2054 crucis
743 1999 777 2054 ad
799 1999 949 2055 subsidium
999 1993 1136 2064 Beliardo,
1150 1994 1196 2066 qui
1210 1996 1308 2052 dicitur
1324 1999 1506 2068 parochianus
1517 2000 1613 2071 ipsius,
1625 2005 1659 2062 de
1674 2021 1792 2078 persona

156 2097 241 2145 terrae
254 2098 358 2146 sanetae
367 2089 472 2144 vomrit
487 2089 635 2156 proticisci,
650 2099 723 2148 etse
742 2090 777 2146 ad
791 2091 845 2146 iter
869 2105 949 2160 perc-
999 2086 1121 2157 ejusdem
1132 2089 1211 2144 electi
1224 2103 1272 2159 per
1286 2088 1391 2146 litteras
1414 2106 1477 2148 suas
1490 2095 1614 2164 qvtmdam
1639 2099 1717 2156 nobis
1729 2117 1793 2170 sup-

154 2178 320 2249 prinationis
339 2177 713 2248 accinxeritexseouendum,
737 2179 770 2236 li.
795 2177 871 2250 (202)
886 2180 950 2236 suit·
999 2176 1071 2246 perit
1086 2179 1232 2247 nunidem
1247 2177 1350 2236 eiectus
1368 2183 1486 2238 asseruit
1507 2198 1568 2242 esse
1580 2189 1715 2247 malitiose
1725 2207 1792 2249 onn-

154 2270 288 2325 diaconus
299 2267 385 2323 irater
397 2283 464 2324 suus
476 2276 573 2324 cantor
583 2269 719 2340 quondam
732 2270 863 2327 Ecclesiae
877 2270 948 2326 Latr-
998 2265 1071 2324 ilicta
1090 2276 1202 2340 proptor
1216 2267 1308 2324 odium
1328 2283 1382 2338 quo
1394 2270 1465 2327 idem
1478 2273 1577 2331 nobilis
1593 2292 1684 2348 rogem
1698 2295 1792 2352 perse·

154 2361 296 2424 dunensis,
310 2361 357 2432 qni
370 2362 578 2426 devastaverat,
598 2361 645 2416 liei
666 2361 764 2418 timore
786 2361 946 2432 postposito,
999 2359 1093 2429 nititur
1106 2367 1299 2415 memoratum.
1316 2360 1416 2417 Verum
1429 2364 1493 2434 quia
1506 2380 1651 2424 onerosum
1666 2381 1739 2428 essct
1762 2385 1791 2430 et

152 2460 184 2506 et
199 2450 307 2521 abiecto
321 2450 416 2504 babitu
435 2449 565 2515 clericali,
577 2450 716 2506 hostiliter
744 2459 848 2533 terram·
867 2465 947 2506 suam
998 2463 1092 2520 prave,
1108 2459 1221 2520 propter
1244 2451 1329 2506 maris
1350 2461 1379 2508 et
1398 2453 1502 2509 viarum
1526 2456 1659 2526 pericula,
1685 2462 1720 2516 ob
1737 2461 1790 2518 hoc

153 2541 283 2598 incendio
299 2539 441 2610 multipiici
460 2547 487 2595 ct
503 2541 618 2612 rapinis,
633 2543 774 2598 accinctus
791 2542 882 2598 balteo
895 2540 946 2598 mi·
998 2539 1099 2595 iterato
1123 2541 1157 2594 ad
1182 2539 1273 2595 sedem
1295 2543 1470 2610 apostolicam
1495 2544 1640 2614 laborare,
1666 2550 1788 2618 parilium,

153 2633 240 2699 litari,
259 2634 366 2703 abipso
388 2633 512 2690 Waltero
535 2633 656 2689 monitos
685 2648 845 2690 assecurare
859 2633 946 2690 noluit
998 2629 1104 2702 insigne
1115 2632 1277 2712 pontificalis
1288 2632 1381 2700 oilicii,
1395 2634 1429 2689 ad
1452 2642 1489 2700 te,
1508 2637 1670 2694 tradendum
1684 2641 1786 2710 cidem,

150 2724 288 2791 vvsoueavl
306 2725 366 2794 ejus
391 2724 508 2779 redttum
527 2723 630 2778 dictam
656 2731 767 2790 terram,
793 2722 841 2780 sed
864 2725 899 2779 ab
912 2739 946 2780 eo
997 2721 1346 2790 duximusdestinandnm;
1361 2724 1526 2782 iratentitati
1541 2736 1591 2784 tum
1615 2743 1664 2800 per
1679 2743 1789 2804 aposto·

151 2812 285 2870 recudens
300 2814 392 2868 animo
408 2813 570 2884 indignanti,
581 2814 670 2869 eidem
684 2813 761 2870 iratri
777 2829 809 2871 ac
821 2817 879 2886 ejus
891 2824 946 2870 ter·
997 2811 1049 2868 lica
1062 2813 1162 2884 scripta
1189 2815 1349 2871 mandantes
1368 2825 1503 2886 quatenus
1520 2818 1542 2873 si
1558 2830 1620 2888 post
1644 2822 1789 2880 denuntia-

151 2921 193 2960 ιιι
207 2905 329 2976 graviter
343 2909 515 2961 adversatur.
532 2905 609 2962 Unde
625 2921 688 2960 cnm
705 2919 739 2961 et
756 2905 876 2962 discessu
895 2923 945 2962 sno
998 2903 1099 2960 tionem
1121 2919 1203 2974 super
1218 2906 1266 2960 laot
1282 2921 1297 2960 a
1320 2914 1348 2962 te
1360 2906 1460 2963 lectam
1479 2909 1542 2965 talis
1562 2910 1633 2967 inira
1663 2929 1786 2972 mensem

150 2995 470 3067 irreparabiiedavnnum
482 3010 532 3065 per
542 2997 670 3067 ipsumll.
682 2997 733 3052 sibi
744 3011 777 3053 ac
791 2997 850 3068 eitra
862 3006 942 3053 terrae
997 2998 1154 3065 apparuerit
1184 3013 1301 3068 persona
1326 3014 1387 3070 que
1411 3000 1529 3072 legitime
1556 3003 1622 3060 velit
1647 3013 1675 3062 ct
1701 3008 1788 3077 possit

150 3089 250 3144 timeat
260 3096 468 3158 proventurum,
483 3090 561 3146 nobis
579 3089 721 3145 bumiliter
734 3089 897 3160 supplicavit
916 3099 980 3172 otc
997 3085 1105 3156 aliquod
1120 3086 1340 3155 impedimentum
1355 3091 1516 3146 canonicum
1540 3092 1660 3165 objicere
1686 3107 1787 3153 contra

148 3190 266 3249 propter
286 3185 482 3237 necessitatem
503 3178 657 3251 hujusmodi
683 3178 717 3235 ad
743 3180 945 3248 exsequendum
996 3178 1097 3249 ipsum,
1113 3187 1141 3235 tu
1155 3193 1264 3235 causam
1284 3180 1391 3245 audias,
1406 3189 1434 3235 et
1450 3196 1510 3235 eam
1539 3184 1719 3255 appellatione
1740 3203 1788 3244 re·

149 3279 248 3325 votum
260 3270 391 3327 emissum
403 3269 455 3325 sibi
471 3278 501 3325 et
527 3268 704 3325 iamiliaesuac
724 3271 874 3326 concedere
902 3270 943 3327 di·
995 3279 1068 3323 mota
1085 3269 1216 3325 canonico
1246 3269 1300 3323 ilno
1326 3268 1451 3336 decidam
1481 3278 1509 3327 et
1536 3272 1559 3327 si
1579 3273 1621 3328 vei
1648 3275 1786 3344 impetitus

148 3359 436 3429 gvrarmrurindoetav
454 3369 652 3430 competentes.
663 3358 739 3416 Unde
750 3374 802 3415 nos
829 3374 944 3415 venera·
994 3374 1049 3414 non
1064 3356 1155 3425 luerit,
1172 3359 1213 3415 vei
1227 3360 1367 3416 exstiterit
1379 3361 1535 3430 absolutus,
1551 3371 1578 3418 tu
1592 3364 1678 3435 ipsum
1691 3369 1787 3437 pracci-

147 3449 258 3505 bilibus
269 3448 398 3507 iratribus
421 3450 525 3507 nostris
550 3450 742 3508 Suessionensl
761 3460 791 3507 et
811 3451 942 3508 ileldensi
992 3450 1052 3521 pias
1070 3452 1238 3516 consecrari,
1259 3466 1291 3509 uc
1307 3450 1541 3509 deindeconierus
1555 3463 1584 3510 et
1606 3452 1716 3524 pallium
1733 3456 1786 3512 svtb

147 3541 293 3610 episeopis
304 3552 332 3595 et
346 3540 443 3599 dilecto
454 3541 511 3599 illio
521 3542 613 3599 abbati
624 3541 803 3613 longipontis
815 3542 942 3599 Suessio-
994 3538 1081 3596 iorma
1094 3557 1175 3613 quam
1190 3542 1238 3600 tibi
1263 3543 1477 3600 transmittimus
1500 3546 1601 3602 nostris
1626 3546 1728 3603 litteris
1741 3547 1785 3605 in·

145 3630 250 3687 neruis
267 3632 390 3689 dioecesis
404 3634 506 3692 nostris
519 3634 643 3691 dedimus
660 3634 759 3691 litteris
778 3636 806 3691 in
827 3637 941 3691 manda·
994 3631 1151 3689 terciusavn.

146 3723 191 3779 tis
212 3732 242 3777 ut
266 3726 433 3781 auctoritate
468 3736 561 3783 nostra
588 3726 747 3783 dilationem
774 3726 939 3797 exsequendi
1030 3721 1128 3778 ilatum
1153 3722 1292 3791 Laterani,
1320 3741 1350 3781 ιιι
1372 3725 1431 3783 llal.
1452 3724 1586 3795 ianuarii,
1610 3728 1784 3800 pontiilcatus

144 3822 246 3869 votum
255 3817 483 3886 peregrinationis
494 3818 641 3889 predictae,
656 3799 776 3890 quandin
787 3820 828 3875 eis
838 3818 941 3875 consti·
993 3811 1079 3867 blitiri
1094 3828 1166 3869 atino
1181 3822 1279 3885 quatio
1294 3816 1410 3873 decimo.

145 3903 217 3958 terit
226 3904 324 3960 durare
338 3904 491 3973 hujusmodi
514 3906 618 3977 absque
643 3908 706 3963 doio
730 3915 758 3962 et
773 3906 870 3963 iraude
892 3922 938 3963 ne·
1322 3926 1452 3989 cxxxv·

145 3993 286 4049 cessitatis
308 3994 465 4059 articulum,
493 3996 647 4051 concedant
668 3997 768 4061 eidem,
795 3998 884 4067 ipsum
912 4006 940 4052 et

145 4084 282 4141 lamiliatn
296 4101 441 4143 stramnon
464 4087 653 4156 permittentes
666 4101 748 4157 snper
769 4087 822 4143 hoc
832 4088 868 4143 ab
888 4088 940 4143 aii·

145 4190 206 4245 quo
225 4176 362 4232 molestari
375 4193 383 4244 ;
397 4177 434 4233 ita
449 4179 532 4247 qood,
554 4192 588 4233 eo
598 4186 731 4244 cessante,
756 4179 790 4233 ad
816 4187 938 4233 nostrum

146 4266 503 4324 consiliumetmanviatum
528 4268 748 4325 reddatliomino
776 4268 849 4340 qnod
873 4285 937 4341 pro·

145 4360 237 4425 misit,
250 4362 277 4415 in
299 4372 379 4417 terrae
408 4370 510 4417 sanctae
533 4360 683 4415 subsidium
713 4360 896 4429 properando,
909 4367 938 4414 et
1026 4353 1216 4411 Cuvnunobis
1238 4356 1339 4425 petitur
1362 4356 1435 4427 qvvod
1452 4357 1555 4429 justum
1579 4366 1622 4414 est
1639 4368 1668 4416 et
1692 4364 1781 4421 bone·

144 4451 260 4506 interim
272 4453 306 4506 ad
318 4450 521 4507 subventionem
535 4447 620 4520 ipsius
631 4450 709 4519 jutta
725 4450 935 4519 possibilitatem
953 4453 1072 4511 nstrum,
1084 4453 1149 4513 etc,
1162 4463 1242 4519 ornate
1258 4446 1395 4505 ellectum.
1406 4450 1565 4521 Eupropter,
1580 4451 1669 4506 dilecti
1685 4452 1712 4507 in
1727 4454 1781 4509 lio·

144 4556 240 4607 suavo,
254 4541 482 4611 quemadmodum
506 4556 567 4597 cum
591 4541 677 4596 iratre
698 4540 810 4596 dimano
829 4542 937 4596 tiresan·
989 4536 1064 4593 mino
1090 4536 1149 4602 iiiii,
1173 4538 1272 4593 vostris
1290 4538 1373 4607 justis
1395 4540 1532 4612 precibus,
1554 4550 1712 4613 etc.,nsquo
1735 4556 1781 4597 as·

144 4636 225 4688 raris
239 4632 452 4689 domosmitttta
476 4632 581 4702 Templi
604 4632 777 4698 Parisiensis,
797 4633 936 4704 cuisuper
988 4626 1627 4700 sensuiidilimompnsitionemqvtminterbonae
1642 4632 1779 4687 memoriae

142 4726 202 4781 boc
214 4726 371 4793 scribimus,
386 4727 486 4796 poterit
498 4725 655 4791 contenire,
668 4733 828 4794 competens
847 4724 937 4779 mittat
988 4718 1132 4776 llartinum
1147 4719 1272 4776 abbatem
1289 4728 1407 4774 vostrum
1422 4735 1455 4775 cx
1470 4730 1547 4790 parte
1562 4736 1615 4776 nna
1629 4730 1656 4778 et
1669 4720 1687 4775 Ι.
1700 4722 1777 4790 (ΞΜ)

141 4819 313 4885 ιιιΙιιὶιΙῐιιιιι;
326 4834 402 4884 cum,
417 4819 551 4888 sicntpro
565 4826 641 4873 certo
660 4816 815 4883 didicimus,
830 4816 936 4888 euplus
987 4812 1124 4882 quondam
1142 4820 1169 4867 et
1187 4810 1246 4881 ejus
1266 4810 1387 4864 lraeredcs
1410 4808 1605 4867 Betltunienses
1630 4812 1778 4867 advocatos

141 4908 230 4964 solito
240 4910 359 4981 indigeat
371 4909 429 4978 ipsa
441 4919 526 4963 terra.
541 4908 581 4964 lle
603 4908 685 4978 igitur
699 4911 845 4964 occasione
870 4924 937 4963 can·
986 4917 1022 4957 ex
1045 4903 1129 4957 altura
1151 4916 1234 4972 super
1255 4898 1415 4971 qvtibnsdam
1441 4902 1670 4959 transactionibus
1693 4900 1780 4957 tallia·

142 5002 323 5073 tionisquam
344 5002 486 5074 recepistis
510 5004 543 5057 ab
566 5001 697 5072 ipsocum
718 5000 861 5057 relaxastis
885 5015 935 5057 ex·
988 5012 1059 5061 rum,
1072 4996 1253 5064 rogationum,
1267 4994 1448 5052 violentarum
1467 4994 1651 5061 exactionum,
1665 5005 1693 5050 et
1707 4995 1775 5050 alia-

140 5094 402 5151 communioationis
427 5093 600 5160 sententiam,
624 5106 704 5161 quam
729 5106 779 5162 pro
806 5104 838 5147 eo
863 5092 936 5161 quod
988 5103 1046 5141 rum
1066 5086 1209 5151 vervum,in
1226 5086 1368 5157 praesentia
1384 5086 1461 5141 bonae
1475 5086 1613 5141 momorim
1631 5084 1774 5141 samsonis

139 5185 513 5258 votnmnonemquehamr
530 5185 660 5241 antimum
689 5183 789 5239 tulistis
812 5184 840 5239 in
860 5198 934 5252 enm,
987 5176 1127 5233 llernensis
1142 5175 1337 5246 archiepiscopi
1352 5173 1385 5231 de
1403 5190 1516 5230 assensn
1537 5175 1654 5245 partium
1672 5175 1774 5229 arnica-

138 5278 304 5335 ntandaium
334 5288 457 5335 nostrum
477 5276 567 5333 valeat
590 5275 736 5346 impediri,
760 5276 934 5346 praesentiunr
985 5267 1078 5327 biliter
1097 5268 1254 5333 intervenit,
1265 5268 1340 5323 sicut
1356 5266 1414 5323 sine
1428 5266 1562 5337 pravitate
1576 5266 1686 5337 provide
1700 5265 1772 5321 iacta

139 5369 396 5427 vobisanntnritave
407 5370 716 5439 mandamusquatenus
731 5368 894 5437 permittatis
907 5375 937 5422 nt
987 5371 1028 5416 est
1040 5371 1066 5415 ct
1079 5360 1113 5416 ab
1133 5370 1247 5429 utraque
1272 5366 1348 5426 parte
1369 5372 1465 5431 sponte
1487 5367 1604 5427 recepta,
1625 5372 1730 5413 necnon
1745 5364 1773 5411 ct

136 5460 409 5536 Juxtapraescriptam
420 5462 569 5533 iormamin
581 5460 753 5532 ipsonegotio
764 5460 935 5529 procedatur.
986 5452 1014 5509 in
1026 5452 1112 5523 ipsius
1124 5450 1319 5521 archiepiscopi
1343 5466 1424 5521 snper
1445 5451 1496 5505 lroc
1513 5447 1637 5505 coniecto
1660 5446 1775 5502 authen-

179 5555 280 5611 batum
289 5555 429 5621 Laterani,
439 5567 471 5611 tn
484 5554 523 5610 ld.
539 5554 616 5621 lieo,
626 5567 700 5609 anno
707 5559 805 5623 quarto
818 5550 933 5607 decimo.
987 5546 1041 5601 tico
1055 5542 1220 5609 declaratur,
1234 5542 1396 5598 auctoritate
1413 5540 1562 5611 apostolica
1580 5537 1775 5597 couiirmavnns

179 5668 256 5739 (969)
270 5668 437 5727 Boeivardus.
452 5666 630 5737 Videlieper.
655 5665 702 5722 lib.
720 5664 769 5721 viu
784 5664 872 5722 durni
887 5664 931 5720 ud.
1021 5658 1086 5730 (tos
1108 5658 1204 5713 Exstut
1216 5656 1242 5711 in
1258 5654 1437 5725 probationib.
1455 5654 1525 5711 llist.
1538 5652 1666 5722 bollano..
1679 5662 1706 5725 p.
1727 5646 1773 5711 32¹.

139 5758 190 5797 ιιι.
206 5740 289 5811 Μὴ
304 5750 332 5797 ιι
345 5739 526 5813 appendicem
538 5738 618 5807 buitta
630 5734 702 5793 libii.
1021 5723 1084 5801 (abt
1112 5726 1174 5801 Lep.
1188 5726 1338 5782 liebertum.

989 4052 1087 4092 inulti
1104 4052 1139 4092 ΕΤ
1157 4050 1306 4096 coutett'rbt
1327 4055 1421 4098 strictt
1442 4058 1554 4101 vebastt
1571 4060 1781 4105 transumit!-

1139 4150 1319 4220 Confirntotur
1332 4154 1453 4223 quodum
1468 4158 1630 4225 conrport’tio.

1169 4238 1325 4313 (Laterani,
1342 4260 1368 4299 ιι
1384 4244 1443 4299 liat.
1457 4246 1603 4319 laturarii.)
