4109 6325
231 249 280 306 tlt
672 230 869 293 innocentii
887 229 920 286 lll
938 226 991 284 PP.
1011 222 1248 283 liecestontltt
1267 223 1333 281 tte.
1353 225 1424 315 Ellf.
1813 216 1870 274 Μ

231 358 387 418 brunonem
402 348 567 411 universalis
580 354 683 405 sanctae
708 345 758 401 llei
782 345 921 410 Ecclesiae,
939 351 968 400 et
992 342 1026 397 ad
1041 345 1065 405 A
1079 337 1211 406 Quamuis
1225 347 1314 395 autern
1326 345 1436 409 prepter
1448 326 1589 392 vitandum
1606 330 1755 403 perjurium
1770 332 1873 389 nonsit

232 452 347 509 salutern
366 449 518 505 animarum
540 440 661 497 omnium
683 440 717 494 ad
736 453 852 509 qttornm
868 450 949 492 aures
963 449 1027 505 pcr-
1079 433 1262 505 appetendum
1276 426 1606 503 juramentumjnrantcs
1621 437 1711 482 tamen
1726 440 1760 481 et
1771 424 1875 480 delibe-

232 546 319 610 rcnit,
336 543 408 599 sicut
424 535 541 593 lldelitcr
564 533 701 589 credimus
715 532 817 598 corde,
832 531 912 587 iidem
927 527 1028 599 praedi-
1079 526 1184 581 ratione
1204 538 1286 581 causa
1305 513 1484 580 ‘necessitatis
1505 536 1566 578 cunt
1586 520 1703 575 rerimtc
1722 526 1751 573 et
1765 516 1875 586 lustitia

235 644 308 692 ctam
319 645 368 688 ore
380 628 495 684 llrmiter
514 624 637 681 confiteri
654 635 683 681 et
694 624 818 679 nuntiare
828 620 1026 693 proposuimus,
1080 632 1134 675 non
1153 616 1305 687 culpamus,
1324 630 1412 688 neque
1434 623 1545 687 propter
1566 612 1618 668 boe
1645 610 1784 666 credimus
1805 624 1875 667 cun·

234 734 263 783 et
276 737 360 795 usque
379 721 413 776 ad
431 719 549 775 animam
566 724 593 774 ct
608 719 767 790 sangninem
786 718 919 773 aduersus
934 725 1030 781 ornnes
1080 710 1256 767 demnandos.
1275 708 1303 764 ln
1324 707 1452 764 omnibns
1464 722 1528 765 vcro
1546 702 1758 777 episcopatibus,
1772 703 1876 761 dioeoe·

235 823 325 871 sectus
348 808 493 867 haeresium
522 806 670 867 defendere
693 806 819 862 viriliter.
844 804 1031 861 consistentes
1080 800 1167 867 sibus,
1185 798 1227 855 sel
1250 798 1388 870 parochiis
1404 797 1431 853 in
1446 797 1544 869 quibus
1561 810 1656 853 sumus
1672 793 1715 850 rel
1729 794 1874 862 fuerimus,

236 907 287 964 sun
305 901 461 976 magisterio
478 909 507 959 et
531 901 666 973 regimine
687 896 769 955 nnius
786 906 813 955 et
831 894 888 955 reri
907 894 1030 965 magistri
1081 890 1264 962 disposuimus
1274 890 1397 961 ieiunare
1411 890 1561 946 secundum
1572 895 1716 945 morcnret
1728 895 1876 943 consuetu-

235 999 341 1055 llomini
360 996 447 1053 nostri
470 991 534 1051 lesu
557 990 660 1051 Christi
681 1009 713 1050 ac
732 989 846 1064 piissimi
859 988 952 1048 ricarli
972 990 1031 1061 ejus
1081 984 1172 1042 dinem
1195 983 1367 1055 prelatorum
1380 992 1409 1038 et
1423 981 1622 1039 catholicorum
1636 980 1760 1035 riroruut
1779 981 1877 1036 ortion-

214 1145 222 1155 ,
236 1106 312 1163 papae
326 1087 477 1145 iunocentii
497 1096 524 1142 et
546 1100 735 1143 suceessorum
758 1076 827 1154 eius,
846 1098 954 1155 semper
970 1094 1032 1152 pcr-
1082 1078 1214 1135 dotorum
1230 1075 1336 1130 illamm
1348 1073 1561 1144 prouinciarum,
1575 1070 1669 1128 tamin
1681 1069 1875 1145 uigiliisquam

236 1188 377 1237 manentes
391 1190 446 1234 tarn
458 1192 573 1247 corpore
589 1193 671 1247 quarn
689 1170 786 1246 spiritu
801 1174 828 1230 in
840 1171 1032 1229 communione
1083 1171 1110 1224 in
1128 1166 1240 1239 jejuniis
1258 1166 1379 1234 Quatnor
1402 1165 1568 1236 Tempornm
1592 1172 1620 1219 ct
1642 1163 1874 1234 Quadragesimae.

237 1278 338 1326 sanctas
348 1268 477 1321 Romanae
490 1274 521 1319 ac
535 1258 697 1319 universalis
716 1262 854 1326 Ecclesiae,
866 1275 949 1331 quam
965 1273 1037 1340 san-¹
1082 1262 1203 1331 [ιοιιὶοιιο
1218 1257 1282 1315 lieet
1294 1259 1366 1315 dicat
1379 1258 1505 1315 Claristus
1518 1274 1526 1311 z
1539 1254 1650 1327 Oportet
1667 1272 1769 1328 temper
1786 1272 1875 1325 erare,

239 1368 350 1420 clamet
366 1359 540 1421 catholicam,
559 1367 585 1413 et
604 1353 781 1427 apostolicam
805 1368 885 1424 snpra
903 1351 1032 1417 diximus,
1084 1373 1137 1411 „022
1153 1352 1459 1429 d2fi0210(1,p0,1vm)‚
1481 1361 1508 1408 pt
1532 1349 1679 1423 Aposrptns
1694 1368 1702 1406 ς
1719 1350 1784 1406 sm
1796 1351 1878 1405 enin.

243 1455 306 1523 onia
319 1451 457 1508 credimus
469 1458 539 1513 esse,
553 1462 648 1505 omncs
660 1444 810 1515 baptizatus
822 1444 848 1499 in
863 1444 971 1499 nomine
981 1441 1034 1497 Pa·
1084 1448 1207 1502 missione
1220 1458 1293 1501 orote
1303 1445 1330 1517 (l
1338 1445 1428 1501 fliess.
1440 1446 1478 1516 r),
1492 1455 1582 1501 tamen
1597 1444 1708 1514 qnidam
1721 1451 1877 1497 nostrornm

241 1546 291 1600 tris
306 1551 333 1599 et
352 1542 412 1597 Filii
424 1550 451 1595 et
473 1538 591 1610 Spiritus
605 1538 703 1601 sancti,
719 1536 772 1591 nisi
784 1551 799 1591 a
811 1532 966 1603 supradicta
982 1532 1034 1587 ilde
1084 1553 1132 1611 per
1147 1537 1242 1610 viginti
1256 1545 1374 1606 quatuor
1387 1537 1461 1592 rices
1477 1536 1551 1591 inter
1564 1534 1636 1592 diem
1648 1549 1682 1591 ac
1697 1542 1818 1599 nectent,
1829 1533 1877 1587 alii

239 1641 424 1700 recesssstulib
441 1632 486 1688 ulli
506 1631 571 1687 boni
594 1645 656 1686 0⁰¹¹]
678 1629 759 1684 malis
780 1626 951 1690 conveniant
971 1640 1034 1694 per·
1086 1632 1254 1702 quindecies,
1268 1630 1315 1686 alii
1328 1630 1541 1699 duodecies,tpni
1555 1640 1647 1686 autern
1660 1629 1760 1695 minus,
1776 1627 1880 1699 septies

241 1728 321 1785 misia
338 1727 437 1797 quippe
455 1731 496 1779 est
513 1720 672 1778 diversitate
688 1718 826 1782 ssliorum3
845 1715 889 1771 cul
906 1714 1035 1769 Ecclesiae
1086 1742 1135 1796 pro
1158 1724 1285 1782 omnibus
1310 1725 1466 1780 hominibus
1490 1726 1639 1781 secundum
1662 1739 1757 1780 porum
1778 1724 1881 1795 gnon,

240 1817 383 1892 prelatum
406 1817 546 1873 dominum
569 1810 756 1869 innocentium
777 1818 875 1881 papam
898 1808 1036 1864 credimus
1084 1815 1524 1888 01·ant,sstquanqumn0ffictum
1545 1825 1668 1873 nostrum
1690 1816 1726 1872 eit
1744 1816 1881 1887 praecipue

241 1924 358 1981 preesse
374 1916 523 1981 illimem,
542 1912 571 1961 θῑ
588 1904 675 1975 ll)snm
692 1910 720 1958 0²
738 1914 835 1958 Omnes
854 1900 996 1970 elll⁵⁰⁰llos
1009 1908 1038 1955 0²
1086 1918 1116 1965 ut
1130 1925 1225 1966 omnes
1238 1911 1355 1977 discant,
1373 1919 1401 1967 et
1415 1926 1512 1986 omnes
1526 1911 1649 1981 quisunt
1667 1910 1759 1967 idonei
1779 1910 1882 1966 erbor-

243 2002 397 2059 sacerdotes
416 2008 446 2056 θῑ
462 2006 576 2055 caelefos
597 1995 737 2051 ordinales
754 1994 834 2050 fldem
854 1992 1036 2061 supradictam
1088 2010 1190 2068 lentur,
1203 2009 1294 2058 [amen
1305 2017 1369 2058 cum
1384 2012 1490 2073 [empus
1502 2002 1613 2072 ingruit,
1626 2003 1743 2073 propriis
1755 2002 1881 2058 manibut

245 2105 381 2158 tenentes,
396 2094 423 2148 in
441 2093 497 2163 ipsa
515 2090 638 2147 Ecclesia
654 2088 794 2145 ministros
807 2101 868 2145 esse
880 2085 998 2141 fatemur
1011 2092 1038 2139 et
1089 2093 1255 2160 laboramus,
1270 2093 1884 2164 512punrpxarneppenumpccppppmmon.

243 2190 390 2246 credimus.
1088 2195 1213 2242 rentum.
1230 2186 1282 2253 Qui
1296 2194 1388 2241 autera
1402 2184 1480 2241 nobis
1494 2185 1627 2249 credunt,
1644 2200 1659 2239 a
1675 2185 1884 2255 quibuscunque

277 2281 381 2336 Idcirco
393 2278 427 2334 tib
441 2279 515 2351 ipsis,
534 2284 561 2333 el
581 2286 634 2331 noti
656 2274 689 2330 ab
702 2272 774 2338 ullis,
788 2272 907 2343 pellibus
920 2278 947 2327 dl
962 2268 1039 2341 cttpl·
1090 2278 1191 2347 aliquid
1203 2293 1251 2349 pel·
1266 2278 1384 2349 aliquam
1397 2277 1520 2334 fraudem
1533 2276 1688 2342 imbuerint,
1702 2284 1816 2333 necesse
1827 2285 1880 2338 est,

243 2388 305 2430 nntrs
321 2374 459 2442 suscipere
474 2362 658 2428 ecclesiastica
679 2374 864 2423 sacramenta.
880 2362 1040 2435 specialiter
1089 2372 1112 2427 sp
1132 2371 1280 2442 potuerim,
1299 2378 1326 2425 et
1346 2368 1425 2425 „opis
1439 2368 1616 2439 acquiescere
1633 2367 1780 2435 voluerim,
1793 2376 1824 2422 ιη
1838 2368 1883 2437 pp.

244 2471 336 2519 dtllem
350 2465 382 2520 de
393 2463 527 2519 [ιιθῑῑθῑῑθ
538 2462 626 2531 panis,
641 2474 724 2529 snper
735 2465 789 2527 lllm
801 2454 922 2512 infamati
934 2468 1038 2520 snmus,
1090 2466 1127 2519 sis
1144 2470 1172 2519 et
1188 2477 1241 2520 non
1255 2461 1316 2518 aliis
1332 2462 1489 2518 restituant.
1506 2462 1630 2519 Decimae
1640 2461 1774 2532 siquidem
1790 2470 1818 2517 et
1828 2460 1885 2533 pri·

245 2556 362 2611 diximus
373 2564 400 2609 ct
413 2554 529 2609 dicimus
543 2552 607 2624 qula
627 2557 765 2619 nunquam
779 2545 881 2603 factum
893 2545 946 2602 fuit
957 2560 1039 2603 eausa
1090 2554 1180 2611 minias
1191 2561 1219 2609 ει
1231 2552 1383 2609 (platanones
1393 2560 1422 2608 οι
1435 2560 1534 2608 eptem
1547 2552 1697 2607 mundum
1715 2566 1795 2607 usum
1807 2550 1884 2606 1020.

245 2644 474 2716 presumptionis,
494 2658 544 2699 nec
556 2656 640 2699 cansa
656 2648 829 2707 contemptus
844 2637 973 2694 sacrificii
992 2652 1039 2692 sa·
1089 2660 1150 2699 rum
1170 2644 1282 2701 servitia
1306 2643 1425 2713 peaelntts
1447 2651 1476 2699 m
1492 2643 1553 2699 aliis
1569 2642 1679 2700 clericis
1697 2642 1749 2700 suli
1768 2657 1884 2712 quornm

246 2738 375 2801 seruistis,
386 2737 434 2792 srtl
445 2750 526 2792 cansa
541 2734 717 2791 ardorislldei
729 2732 947 2791 etelraritatiset
958 2741 1040 2786 carisa
1090 2735 1253 2791 dioecesibus
1270 2733 1458 2789 victitaverint
1479 2732 1596 2789 tidcliter
1614 2733 1770 2803 persolvunt
1785 2750 1794 2789 a
1811 2734 1885 2803 quud

247 2827 460 2894 deliberationis,
478 2838 513 2881 ne
531 2826 726 2882 intimarentur
739 2822 877 2895 simplices
893 2822 985 2878 fideles
1001 2822 1042 2876 in·
1090 2822 1217 2878 omnibus
1229 2820 1356 2878 ildelibns
1366 2819 1532 2877 Christianis
1545 2819 1694 2877 efficaciter
1707 2820 1881 2877 suademus.»

248 2930 291 2974 ter
308 2917 450 2973 haereticos
469 2924 669 2987 permanentes,
684 2925 711 2973 et
722 2924 922 2973 sacramentnm
937 2910 1040 2967 eucbn-
1127 2914 1204 2970 Licet
1218 2922 1309 2969 autem
1322 2912 1349 2968 in
1364 2913 1507 2984 suscriptis
1517 2906 1652 2978 articulis,
1663 2912 1735 2968 sicut
1747 2927 1763 2967 a
1773 2910 1887 2982 quibus-

249 3010 332 3066 risile
354 3022 407 3063 non
430 3006 614 3079 accipientes;
638 3008 685 3064 scd
706 3022 778 3062 nunc
791 3017 818 3061 et
838 3006 865 3061 in
881 3010 1040 3074 perpetuum
1055 3045 1077 3102 c
1093 3006 1155 3060 dam
1167 3006 1332 3076 accepimus,
1343 3006 1532 3061 assererentur
1542 3018 1661 3071 errasse,
1673 3005 1746 3075 quod
1761 3002 1886 3059 videlieet

250 3102 408 3157 abdicamus
422 3108 451 3156 et
464 3098 609 3172 abjicimus
629 3108 657 3155 et
674 3096 862 3155 abdicabimus
882 3112 897 3152 a
915 3094 994 3153 nobis
1012 3105 1040 3151 et
1067 3083 1142 3152 'soti
1161 3097 1293 3153 Decesse
1310 3096 1503 3160 obediendum,
1521 3104 1549 3152 ct
1566 3096 1589 3152 si
1605 3095 1722 3164 bomini,
1739 3094 1789 3152 soli
1799 3094 1885 3165 justu,

249 3195 284 3250 ab
298 3195 424 3250 omnibus
438 3192 518 3249 nubis
538 3189 731 3258 credentibus,
750 3193 901 3249 secundum
918 3201 1040 3246 nostrum
1092 3189 1139 3259 qui
1158 3188 1244 3244 Deum
1264 3190 1346 3245 babet
1368 3189 1395 3244 in
1418 3204 1459 3254 se,
1480 3204 1512 3244 ac
1528 3187 1610 3244 licere
1628 3186 1698 3244 laico
1713 3203 1746 3244 ac
1767 3187 1886 3244 litterato

250 3299 341 3356 posse,
357 3287 392 3342 ab
403 3297 486 3354 opere
497 3289 556 3338 eta
575 3283 748 3350 credulitate,
767 3279 850 3340 corde
861 3283 1002 3338 credentes
1014 3289 1041 3337 et
1093 3272 1152 3336 sine
1170 3280 1279 3337 licentia
1301 3279 1446 3349 cuiuslibet
1460 3281 1578 3336 bominis
1592 3281 1752 3351 praedicare,
1771 3281 1887 3337 bonnm-

251 3391 299 3432 orc
312 3377 474 3431 confitentes
494 3383 697 3431 sacramentum
713 3375 836 3446 eorporis
857 3382 885 3430 et
901 3373 1043 3444 ssnprdnls
1093 3386 1146 3445 que
1167 3371 1265 3428 laicum
1277 3372 1436 3429 conficiendi
1455 3372 1649 3429 eucharistiam
1661 3381 1823 3442 potestatem
1833 3373 1888 3428 lta·

250 3465 352 3520 Cbristi
371 3480 422 3521 nec
433 3479 495 3521 esse
509 3463 708 3522 conllciendum
725 3479 774 3520 nec
786 3479 867 3535 posse
879 3463 977 3521 confici
990 3463 1042 3519 nisi
1094 3464 1169 3529 bere,
1184 3463 1285 3519 malum
1296 3472 1386 3520 autern
1398 3465 1568 3520 sacerdotem
1583 3479 1767 3535 nequaqnam,
1786 3473 1888 3521 ciens

252 3573 266 3611 a
284 3557 424 3612 sacerdote
437 3572 486 3628 per
495 3557 697 3626 impositionem
707 3571 806 3612 manus
817 3555 930 3612 risibilis
941 3555 1045 3626 episco·
1094 3557 1289 3610 orationesaut
1301 3555 1399 3611 missas
1412 3555 1533 3611 viriseel
1549 3557 1663 3611 mortuis
1675 3571 1728 3612 non
1743 3555 1887 3626 οιοιιοοιο,

239 3651 279 3720 ‚pi
297 3651 445 3705 secundnm
468 3662 571 3704 morem
594 3647 725 3704 Ecclesiae
743 3649 888 3704 visibiliter
905 3647 1042 3704 ordinato.
1095 3663 1128 3704 ac
1147 3646 1298 3702 itomanam
1320 3647 1471 3704 Ecclesiam
1486 3663 1658 3719 nequaquam
1675 3648 1824 3704 Ecclesiam
1839 3648 1886 3702 lici

253 3739 396 3798 llabemus.
409 3748 500 3794 autem
524 3740 683 3795 mandatum
706 3753 788 3796 orare
809 3749 838 3795 nt
859 3741 930 3795 Deus
955 3737 1046 3792 mittat
1096 3754 1167 3807 esse,
1180 3755 1231 3796 nec
1241 3755 1292 3794 non
1305 3740 1387 3796 etiarn
1400 3741 1584 3809 juramentum
1600 3741 1626 3798 in
1641 3740 1762 3813 quotibet
1773 3741 1888 3797 articulo

252 3832 393 3903 operarius
405 3833 432 3887 in
448 3845 563 3888 messem
583 3847 671 3898 suant,
695 3833 788 3896 idest,
810 3829 1003 3902 predicatores
1017 3831 1045 3884 in
1096 3829 1147 3885 suit
1161 3829 1288 3886 Ecclesiae
1304 3829 1392 3888 fortna
1411 3829 1513 3888 factum
1533 3844 1673 3902 peccatum
1693 3847 1756 3889 esse
1772 3831 1889 3889 mortale

252 3923 380 3995 pupulum
401 3937 498 3998 sutum,
522 3923 567 3994 qul
593 3923 693 3980 debent
721 3923 836 3994 benigne
857 3931 885 3978 el
909 3921 1047 3978 humiliter
1097 3921 1293 3991 dogmatizasse
1319 3924 1455 3989 dicantur,
1481 3923 1532 3994 ipsi
1558 3931 1648 3979 tamen
1674 3940 1708 3980 ex
1730 3923 1889 3996 praescripta

253 4013 401 4084 impetrare
421 4013 472 4069 silti
495 4014 555 4069 dari
576 4029 610 4071 en
630 4014 742 4069 licentia
757 4013 855 4068 summi
871 4009 1048 4083 pontificiset
1097 4013 1280 4082 confessione,
1305 4017 1332 4070 itt
1357 4030 1410 4086 qua
1428 4025 1577 4086 tanguntur
1599 4017 1708 4071 articuli
1732 4018 1888 4087 prenotati,

254 4103 428 4176 prelatorum
441 4104 610 4161 Ecclesiaent
624 4105 729 4175 possint
743 4104 893 4159 admonere
908 4111 937 4157 et
948 4103 1047 4159 etlror·
1097 4119 1179 4175 snper
1197 4106 1239 4160 itis
1257 4121 1333 4162 suant
1356 4107 1537 4162 innocentiam
1557 4116 1732 4172 exctrsnrunt,
1748 4094 1812 4162 illud
1829 4107 1891 4162 inll-

256 4193 309 4249 tari
322 4193 348 4249 ln
365 4193 489 4249 doctriua
506 4209 572 4250 sana
589 4203 615 4249 et
632 4194 763 4250 adversus
780 4207 875 4248 onmes
891 4192 1046 4258 hereticos,
1098 4197 1202 4253 cientes
1220 4199 1331 4254 otnnino
1351 4199 1423 4268 qnod
1438 4199 1561 4255 videlicet
1586 4199 1746 4256 mulieribus
1767 4198 1891 4271 Evange-

255 4284 343 4357 gratia
355 4283 402 4338 ilci
415 4283 570 4352 adiurante,
585 4283 731 4352 cumomni
745 4283 846 4338 virtute
860 4283 944 4338 anind
956 4291 1048 4338 etstu-
1098 4288 1164 4344 lium
1177 4290 1203 4344 in
1217 4289 1336 4345 Ecclesia
1349 4291 1451 4346 licitum
1466 4307 1527 4349 esse
1541 4293 1650 4355 ducere,
1662 4307 1696 4348 ac
1707 4291 1890 4360 indulgentias

255 4376 300 4430 diu
311 4381 341 4429 ιιι
351 4389 397 4430 eos
407 4375 440 4429 ad
453 4375 531 4430 lldetn
545 4375 708 4431 catltolrcant
720 4377 891 4443 convertant,
904 4375 1046 4438 desudare.
1062 4389 1159 4449 oquae
1175 4378 1242 4434 bunt
1255 4395 1270 4433 a
1285 4395 1391 4436 suntme
1404 4381 1532 4451 pontillce
1551 4382 1591 4438 rel
1606 4382 1669 4438 aliis
1685 4382 1821 4453 episcopis
1835 4398 1890 4438 nou

254 4474 283 4522 et
296 4468 439 4524 credentes
451 4481 547 4522 eorum
562 4467 675 4537 privatis
690 4475 718 4522 et
731 4465 846 4537 publicis
857 4463 1049 4522 admonitioni·
1098 4469 1240 4539 proicere,
1255 4468 1415 4540 justumque
1434 4471 1533 4527 laicum
1551 4472 1713 4530 confitentes
1731 4473 1784 4529 sibi
1801 4472 1892 4530 absol·

206 4625 209 4632 ⁴
255 4556 323 4622 bus,
337 4556 407 4612 sicut
421 4556 511 4624 decet,
524 4557 559 4611 nb
571 4570 665 4612 eornm
684 4557 843 4613 credulitate
854 4566 882 4614 et
897 4557 992 4613 lraeresi
1006 4571 1049 4612 se·
1098 4573 1163 4615 vere
1179 4574 1268 4630 posse,
1283 4562 1394 4632 qnidam
1409 4576 1458 4620 eos
1477 4563 1599 4620 referunt
1619 4565 1779 4622 astruxisse.
1802 4565 1892 4620 cerc-

256 4663 364 4719 parare,
380 4658 407 4702 et
426 4646 555 4704 bcclcsite
575 4650 739 4720 supradictae
760 4649 946 4720 incorporare,
966 4657 993 4706 ct
1015 4648 1050 4704 ab
1099 4665 1158 4705 runt
1179 4665 1261 4722 super
1277 4665 1311 4708 eo
1325 4653 1397 4723 qtrod
1413 4653 1557 4710 nonnullus
1576 4652 1739 4711 clericorum
1755 4655 1893 4710 scandali·

256 4737 381 4794 omnibns
400 4739 518 4794 uitiiset
538 4741 656 4808 peccatis
675 4753 847 4811 compescere
868 4747 922 4794 tam
944 4741 1050 4810 seipsos
1099 4758 1175 4798 tasse
1196 4743 1334 4812 dicuntur,
1358 4746 1400 4802 cis
1421 4746 1448 4802 in
1472 4746 1597 4817 plurimis
1616 4749 1799 4816 detraltcndo,
1819 4749 1893 4820 ipsus

258 4843 339 4898 nuum
362 4845 425 4886 suus
449 4830 605 4897 auditorcs;
624 4847 638 4885 a
654 4832 779 4902 superbia
798 4830 904 4888 scilicet
924 4837 951 4886 et
974 4830 1049 4885 inani
1099 4848 1195 4903 aspere
1218 4836 1422 4906 redargnimus,
1447 4839 1473 4893 in
1499 4840 1601 4894 rirtnte
1623 4840 1785 4896 obedientie.
1808 4855 1891 4910 qnam

259 4921 479 4992 giuria,inrldia,
495 4923 545 4988 ira,
562 4921 1048 4993 cupiditatestararitla,gnlositate,
1099 4927 1284 4994 prestiterunt
1306 4928 1385 4983 nobis
1407 4928 1558 4986 districtius
1581 4929 1751 5000 injungentes
1774 4929 1891 4996 eisdem,

259 5010 377 5077 luxuria,
401 5013 552 5078 mendacin,
580 5015 759 5079 detractione,
784 5013 959 5083 blasplremia,
975 5011 1048 5081 odic,
1100 5018 1171 5085 quod
1185 5026 1213 5072 et
1225 5017 1274 5087 ipsi
1290 5019 1340 5074 suli
1353 5021 1448 5074 endem
1460 5035 1571 5075 screare
1586 5021 1740 5078 obedientia
1757 5020 1892 5090 promise·

259 5099 365 5165 fraude,
381 5104 499 5174 perjurio
518 5113 546 5160 et
567 5103 728 5160 ltotnicidiol
751 5103 784 5159 Et
798 5107 921 5172 nnantris
934 5107 985 5162 ista
1001 5121 1051 5162 nus
1101 5115 1175 5172 runt,
1190 5116 1221 5160 ut
1234 5107 1348 5163 clericos
1363 5108 1390 5162 iu
1403 5111 1476 5165 omni
1491 5127 1544 5181 qua
1563 5111 1689 5166 contenit
1705 5111 1837 5166 babentes
1849 5127 1894 5165 re·

260 5193 449 5262 predicemus,
462 5203 551 5250 tamen
564 5203 723 5264 potestatem
734 5196 891 5251 secularem
902 5196 1051 5252 secundnm
1100 5199 1223 5253 terentia
1241 5209 1268 5253 ct
1285 5201 1399 5265 bonore,
1419 5203 1454 5257 ab
1469 5210 1564 5258 eorum
1580 5203 1692 5257 omnino
1715 5202 1892 5257 infamatione

259 5284 334 5354 leges
349 5283 466 5340 officinm
482 5301 561 5340 suunt
574 5286 601 5340 in
613 5284 802 5343 malefactores
812 5295 985 5360 peragentem
997 5301 1051 5340 non
1101 5304 1149 5345 seu
1172 5291 1340 5347 detractione
1364 5293 1508 5357 desistant,
1531 5295 1721 5365 precipientes
1740 5295 1842 5349 eisdem
1857 5307 1894 5348 ne

259 5373 420 5446 iudicamus,
437 5395 525 5467 neque
540 5382 575 5437 ob
588 5382 639 5437 boe
659 5383 840 5438 damnandam
857 5397 921 5438 esse
937 5382 1052 5437 dicimus
1101 5381 1202 5452 passim
1216 5381 1266 5437 sibi
1280 5394 1446 5452 presumant
1464 5386 1663 5455 praedicationis
1679 5383 1797 5441 odicium
1814 5398 1892 5438 arro·

261 5468 303 5524 rel
318 5471 463 5528 credimus.
478 5473 765 5536 Verumtamenslcut
777 5475 824 5530 lllii
839 5475 978 5539 Ecclesiae,
991 5489 1052 5529 reos
1102 5486 1177 5541 gare,
1198 5473 1442 5542 sedpracterquam
1465 5475 1646 5531 Ecclesiarnm
1660 5485 1781 5531 rectores
1793 5475 1820 5529 itt
1838 5475 1894 5529 ddo

259 5563 401 5632 sanguinis
427 5565 598 5622 defendimus
626 5567 677 5637 piis
704 5565 962 5631 interventionibus,
987 5566 1051 5634 onia
1103 5570 1215 5617 rectaet
1228 5578 1295 5619 sana
1313 5565 1435 5620 doctrina
1450 5566 1573 5622 trorcrint
1587 5564 1892 5636 esseprobatcs,licen·

262 5651 487 5737 scriptumest:
517 5653 582 5711 flent
607 5657 744 5727 cononicis
768 5655 891 5726 defendat
921 5653 1049 5710 Ecclesia.
1103 5652 1167 5710 tiam
1182 5655 1222 5711 eis
1234 5655 1355 5712 tribuunt
1369 5657 1529 5715 exhortandi
1546 5660 1766 5730 competentibus
1778 5656 1855 5714 boris
1864 5663 1893 5709 ct

2041 2141 2043 2232 l
