4109 6325
191 320 245 377 otis

658 319 908 381 routtstcttttts
925 323 1020 383 abdo
1040 324 1101 395 ut,
1120 326 1260 386 enuisti
1276 330 1360 388 iili.

1770 342 1824 401 esp
1854 384 1857 389 .

191 441 287 509 aperte
315 434 455 503 redarguit
474 433 609 501 falsitatis,
632 436 750 505 probare
775 438 912 493 nitebatur
936 444 1020 501 etr-A
1069 442 1194 499 'festibus
1207 446 1298 512 itaque
1310 448 1349 501 sic
1360 449 1476 518 receptis
1489 456 1519 504 et
1538 448 1757 509 attestationibus
1771 472 1823 523 ptu-

191 523 451 583 communicationis
468 520 742 579 uexibus'irretitutu.
774 526 827 581 Sed
843 542 905 582 cunt
932 544 982 585 nee

192 618 263 673 itanc
278 629 331 671 nec
356 611 437 670 etiarn
458 614 529 669 alias
551 615 726 683 exceptiones
757 614 874 683 ubjeetus
894 619 982 675 dietus

191 706 422 765 waterfordensis
437 706 553 774 probare
575 707 746 777 aliquatenus
766 710 909 778 potuisset,
935 709 982 765 lite

191 812 273 867 snper
295 795 440 865 principaii
460 796 639 865 praesentiibus
661 797 784 865 partibus
818 806 980 867 contestata,

190 888 263 945 diens
277 888 344 954 ipsis
360 887 427 941 dicti
451 886 556 956 judiees
587 894 740 941 statuerunt
753 886 824 941 inira
848 904 929 957 quarn
942 888 983 943 di-

191 988 253 1034 ctus
264 976 500 1033 waterfordensis
510 992 524 1030 a
535 976 697 1045 quibusdam
718 976 826 1033 Satanae
852 980 981 1035 satelliti-

191 1072 252 1136 itus,
268 1070 415 1137 instigante
431 1068 554 1133 diabolo,
567 1069 670 1124 exstitit
690 1069 844 1125 intntaniter
863 1073 982 1127 trucida·

191 1169 246 1221 tus.
265 1162 441 1217 Postmodum
457 1171 545 1217 autent
557 1177 618 1216 cum
630 1161 763 1217 liebertus
781 1164 895 1221 clericus
917 1164 982 1221 fnis-

191 1265 232 1310 set
245 1254 277 1307 ad
293 1253 442 1309 Ecclesiam
460 1252 709 1308 waterfordensem
722 1254 837 1319 clectus,
851 1264 878 1310 ct
900 1269 981 1311 vene·

191 1346 284 1401 rabilis
323 1347 516 1402 fraternoster
548 1334 726 1403 Casseiiensis
761 1350 982 1421 archiepiscopus

96 1455 97 1458 ¹
191 1436 271 1492 veliet
282 1437 422 1506 imponere
437 1437 488 1491 sibi
501 1452 607 1500 mattos,
619 1438 683 1506 quia
700 1437 787 1492 dictus
809 1438 922 1504 eiectus,
940 1454 983 1495 se·

191 1542 276 1598 quens
290 1528 332 1583 sni
348 1528 556 1596 praedecessoris
569 1529 696 1600 vestigia,
710 1537 857 1598 occupatas
873 1547 982 1600 posscs-

190 1622 283 1675 sioues
297 1619 436 1675 invaserat
457 1634 506 1690 per
528 1620 681 1689 potentiam
704 1618 838 1688 inimicati,
853 1621 982 1692 praefatos

191 1709 380 1767 Lesntoreusie
394 1712 538 1780 episeopus
549 1725 600 1779 pro
613 1711 654 1765 sui
668 1711 735 1779 juris
750 1712 864 1767 tuitione
884 1714 981 1767 adrer-

1034 533 1150 600 biicatis,
1164 536 1228 617 dicti
1239 535 1346 605 judices
1366 540 1552 596 attestationes
1571 540 1644 610 ipsas
1674 540 1825 610 Waterfnr·

1034 622 1111 679 densi
1140 626 1266 696 episcopo
1291 628 1526 697 transmiserunt,
1554 631 1626 687 dieta
1653 634 1826 704 praefigentes

1034 714 1121 769 eidem
1144 731 1198 785 quo
1223 717 1250 769 in
1264 731 1358 772 eorum
1374 722 1519 788 praeseutia
1535 733 1715 791 contpareret,
1741 726 1768 782 in
1783 715 1826 785 te*-

1035 814 1103 869 stes,
1117 806 1244 873 si'veiiet,
1258 810 1390 863 aut'dicta
1406 811 1516 866 testium
1539 813 1640 883 aliquid
1654 815 1823 885 objecturus.

1035 894 1241 967 Eodentitaque
1255 897 1474 955 Waterfoniensi
1502 902 1612 958 minime
1638 917 1824 977 comparente,

1034 1001 1085 1042 nec
1096 988 1219 1044 ntittente
1244 989 1361 1061 aliquem
1376 991 1502 1045 idoneutu
1516 996 1715 1063 responsalem,
1740 999 1823 1053 iideut

1030 1074 1137 1145 jndices
1152 1088 1206 1132 tarn
1220 1082 1464 1137 attestationibuaa
1482 1083 1560 1137 uobis
1578 1086 1630 1141 sibi
1657 1091 1825 1149 transtnissis

1034 1180 1115 1235 quatu
1128 1169 1209 1222 etiant
1225 1170 1286 1225 aliis
1299 1186 1368 1241 qttas
1385 1172 1435 1239 ipsi
1458 1185 1618 1244 receperant
1640 1157 1757 1235 fideliter
1776 1198 1827 1247 pu·

1035 1256 1231 1321 blicatis,coru
1259 1275 1308 1327 per
1325 1260 1519 1329 inspectionem
1550 1278 1644 1319 earum
1670 1277 1697 1322 et
1721 1271 1826 1328 litteras

1034 1349 1229 1404 venerabiiium
1245 1349 1360 1435 fratrum
1378 1360 1534 1406 nostrorum
1551 1356 1826 1428 arritiepiseopifua-

1034 1443 1135 1497 mensis
1149 1450 1177 1497 et
1186 1443 1307 1513 episcopi
1319 1445 1478 1511 duacensis,
1497 1444 1543 1514 qni
1563 1460 1643 1513 super
1667 1451 1762 1503 eodem
1777 1468 1826 1508 rte·

1033 1530 1107 1599 gotio
1121 1546 1136 1585 a
1152 1533 1232 1587 uobis
1246 1532 1352 1600 indices
1366 1534 1472 1589 fuerant
1487 1533 1614 1599 instituti,
1630 1545 1659 1592 et
1673 1539 1825 1597 restitutio·

1034 1631 1097 1670 ncut
1123 1617 1312 1674 Lesntorensis
1326 1618 1456 1679 Ecclesiae
1478 1620 1667 1688 adjudicarant
1681 1624 1782 1693 cidem,
1798 1637 1827 1683 et

1034 1706 1062 1761 in
1081 1711 1281 1778 possessionem
1298 1712 1462 1769 induxerant
1484 1716 1664 1786 corporalem,
1677 1717 1712 1774 de
1733 1705 1825 1775 inten-

192 1804 375 1859 gpgepmdggn
401 1802 562 1857 reclamavit
579 1802 705 1857 electum,
727 1804 781 1858 Sed
803 1803 923 1859 antefato
936 1821 982 1860 gg.
997 1777 1018 1831 B
1036 1798 1109 1852 tione
1119 1798 1225 1867 pi'aesali
1241 1800 1429 1857 Lestudrensls
1450 1806 1568 1877 episcopi
1585 1806 1741 1876 plenissime
1759 1826 1826 1867 coli·

191 1893 366 1962 cbiepiscopo
390 1892 567 1962 respondente
592 1894 665 1955 ottnd
692 1892 782 1963 ipsunt
816 1905 920 1951 tanetum
948 1898 981 1951 ad
1033 1888 1161 1953 stitisset,
1187 1883 1521 1950 coutttttttticatovirorum
1553 1900 1717 1965 prudentum
1738 1900 1826 1972 etjo·

201 1982 437 2063 deteriordensetn
450 1992 478 2035 et
492 1997 545 2037 noa
561 1981 594 2036 od
609 1981 815 2039 Lestttorensem
833 1984 982 2039 fiet-lesiam
1033 1977 1224 2048 rispetliorutu
1250 1982 1375 2051 consilio,
1402 1985 1602 2054 possessionem
1637 1988 1826 2050 Lesmorensie

191 2076 379 2136 consecrabat,
394 2074 498 2145 ptroelati
511 2074 618 2143 jndices
642 2075 812 2146 praemissum
829 2075 981 2132 liebertum
1032 2069 1162 2127 Ecclesiae
1176 2087 1237 2127 cutu
1259 2072 1316 2129 suis
1333 2076 1461 2130 ontnibus
1486 2078 1658 2145 pertinentiis
1683 2080 1827 2152 adjudica·

190 2167 245 2237 iarn
261 2168 287 2223 in
301 2168 457 2237 episcopum
470 2177 658 2223 conseerarunt
675 2170 732 2224 suis
747 2168 882 2224 citatoriis
906 2168 982 2223 litte*
1034 2170 1097 2216 tutti
1108 2165 1272 2219 atteteritate
1298 2174 1392 2219 nostra
1407 2166 1535 2236 episcopo
1561 2181 1722 2235 ntctttoratu,
1741 2189 1826 2243 saepe-

191 2260 275 2315 risad
290 2260 568 2329 eornmpraeseutiant
584 2267 742 2325 evocarunt,
757 2274 838 2329 super
873 2274 982 2329 posses.
1033 2252 1119 2307 fanno
1144 2253 1397 2312 waterfordensem
1423 2259 1581 2331 episcopum
1607 2263 1641 2316 ad
1661 2251 1825 2322 coluuionem

191 2348 314 2407 siettibus
340 2350 573 2419 apraedeecssore
601 2365 652 2404 suo
684 2350 808 2419 ueqttiter
844 2348 983 2419 occupatis
1032 2356 1144 2401 centurn
1163 2355 1191 2402 et
1218 2350 1359 2417 sexaginta
1373 2366 1529 2407 marearum
1555 2355 1671 2424 argenti,
1688 2358 1827 2415 taxatione

191 2442 279 2497 cidere
307 2441 435 2510 episcopo
469 2454 675 2511 responsurum.
707 2440 745 2495 Eo
768 2441 860 2509 itaque
889 2455 981 2495 eoram
1033 2435 1067 2489 ab
1085 2436 1151 2504 ipsis
1166 2436 1237 2492 ultra
1252 2439 1393 2494 dimidiam
1418 2451 1522 2509 partem
1538 2446 1699 2516 quantitatis
1714 2450 1828 2518 provide

192 2532 306 2611 ipeisad
326 2532 466 2602 praeittunt
480 2533 532 2589 sibi
552 2534 698 2589 terntinum
713 2542 900 2601 comparente,
914 2534 983 2589 cita·
1033 2527 1116 2594 tacte.
1131 2544 1313 2599 expensarum
1337 2540 1366 2587 et
1381 2532 1534 2588 ablatorum
1563 2537 1674 2593 nornine
1697 2541 1826 2595 condent-

154 2684 161 2695 ,
192 2621 564 2691 tietrentipsantnoufuisse
588 2622 747 2678 canonicam
763 2622 807 2677 bis
831 2622 982 2693 rationibus
1033 2628 1141 2684 naides,
1167 2629 1196 2675 et
1212 2618 1496 2694 ebaritatefraterpa,
1522 2640 1661 2694 cumcurn
1692 2630 1828 2685 scandali.

190 2711 332 2784 allegavit3
348 2722 403 2767 tutu
416 2713 478 2781 quia
494 2714 588 2767 eadetu
606 2694 714 2781 nonnisi
729 2711 824 2783 viginti
836 2720 864 2766 et
877 2706 980 2781 septem
1034 2710 1103 2764 tatis
1115 2709 1205 2764 uritur
1219 2718 1247 2763 et
1262 2725 1324 2764 cum
1347 2710 1515 2779 patientibus
1537 2714 1703 2782 indnuntur,
1728 2719 1825 2776 exsilio

191 2800 250 2857 dies
267 2800 411 2855 aoertnino
424 2801 593 2865 continebat,
608 2807 665 2855 turn
692 2800 774 2855 etiarn
789 2800 861 2868 quod
877 2809 981 2855 tantum
1034 2800 1140 2855 diutino
1153 2809 1182 2855 et
1194 2800 1316 2855 miseriis
1333 2800 1532 2871 compatientes
1555 2806 1692 2861 continuis
1704 2809 1826 2880 episcopi

191 2892 226 2949 ab
239 2909 294 2948 uno
308 2892 427 2963 ipsorum
440 2890 561 2959 jttdicutn
577 2902 605 2945 ct
621 2893 735 2960 tpuodaut
748 2892 846 2947 abbate
857 2892 923 2957 aiio,
938 2893 982 2948 cui
1033 2889 1165 2960 saepefati,
1180 2891 1268 2947 dictus
1286 2892 1475 2965 corcagiensis
1488 2895 1633 2966 episcopus
1665 2906 1693 2953 et
1709 2900 1825 2956 dilectus

191 2980 789 3055 praenominatuscorcagiensiscontmiserat
811 2972 885 3038 vices
907 2998 980 3049 suas,
1033 2981 1105 3035 lilios
1129 2980 1292 3037 Laottiensis
1306 2983 1425 3039 demnas
1448 2984 1508 3041 loco
1532 2986 1645 3044 alterins
1662 2990 1763 3058 judicis
1796 2992 1822 3045 iu

191 3078 334 3132 exstiterat
360 3083 499 3131 evocatus.
527 3072 638 3139 Verum,
662 3088 723 3127 curn
750 3074 828 3129 dictis
842 3075 980 3140 judicibus
1033 3069 1202 3137 corporalem
1218 3071 1510 3141 possessionentipsins
1530 3074 1825 3134 LesmorettsisEccie·

191 3172 360 3229 constitisset
373 3170 446 3240 quod
472 3167 580 3239 triginta
595 3176 622 3222 ct
650 3181 746 3222 norem
762 3167 867 3223 dierutn
890 3166 980 3221 fuerat
1033 3157 1662 3232 siaeipsuutcpiseopuntinduxerttnt.Caeter11nt
1675 3172 1826 3239 cuntpaulo

191 3260 287 3318 citatio
299 3268 461 3330 praenotata,
471 3267 500 3314 et
524 3256 693 3325 quodetiam
720 3257 784 3312 iicet
806 3255 890 3326 iutiici
908 3257 981 3312 deie-
1032 3260 1094 3320 post
1107 3251 1178 3307 idern
1206 3254 1393 3312 Lestnoreosis
1414 3259 1567 3328 episcopus,
1587 3258 1613 3312 itt
1634 3253 1754 3315 Sabba‘to
1769 3276 1825 3331 quo

191 3349 530 3424 gagogjtpgiopigofficium
552 3350 664 3406 cuilibet
691 3349 862 3405 cornmiugpg
888 3363 920 3404 gc
934 3366 981 3420 pu.
1032 3341 1308 3409 Sitientescaulalur,
1325 3345 1771 3405 celebraretsolemniterortiloes
1794 3351 1824 3404 itt

192 3444 251 3499 nire
281 3445 386 3498 ratione
411 3443 510 3512 praevia
535 3450 767 3511 contemptorem,
794 3441 981 3512 exceptionem
1033 3437 1259 3504 eadetn,quidatu
1275 3435 1425 3492 fandiiares
1440 3436 1504 3492 dicti
1517 3435 1745 3494 waterfordensis
1761 3440 1822 3510 epi·

192 3535 265 3590 iiiaut
280 3549 341 3590 csse
356 3533 479 3588 frivolam
491 3535 679 3589 decreverant.
1033 3529 1108 3596 scopi
1135 3545 1187 3585 una
1207 3544 1268 3587 curu
1293 3530 1362 3600 liog.
1382 3529 1570 3599 christophori
1595 3531 1679 3600 ipsius
1701 3531 1827 3603 episcopi

227 3625 329 3692 Qttadc
343 3639 372 3679 re
386 3623 875 3687 dictus'waterfordensisaocettsus,
890 3623 981 3677 sedent
1034 3620 1209 3676 seneschalco
1236 3621 1271 3675 ab
1294 3621 1353 3690 ipso
1383 3621 1541 3690 specialiter
1564 3621 1699 3675 destinato
1720 3619 1826 3678 dictum

105 3743 108 3748 Δ
192 3712 366 3784 apostolicam
382 3712 539 3782 appellavit;
554 3721 581 3766 et
591 3727 646 3767 suae
657 3710 828 3782 appellationi
838 3713 982 3767 tertnintnu
1034 3711 1190 3784 episcopum
1207 3711 1363 3780 aliquandiu
1388 3712 1416 3766 in
1431 3712 1491 3782 ipsa
1519 3712 1634 3767 ecclesia
1658 3713 1825 3780 obsidentes,

191 3805 366 3875 aliquantenus
382 3819 436 3859 non
458 3804 611 3875 praefigens,
632 3812 659 3859 et
679 3805 779 3858 ttuiiatn
797 3803 878 3856 aliam
898 3801 981 3856 ratio·
1033 3802 1315 3859 demuutitteutndcm
1330 3802 1363 3857 ab
1376 3802 1491 3858 ecclesia
1505 3801 1591 3858 sacris
1606 3802 1728 3858 indututn
1743 3805 1827 3859 vesti·

192 3882 310 3953 nabilem
321 3895 439 3952 'causam
458 3895 573 3964 obiectae
586 3894 775 3966 appellationis
786 3894 916 3964 allegans,
933 3909 978 3949 re·
1033 3893 1084 3949 bus
1094 3904 1239 3951 exeuntem
1254 3903 1314 3950 aeto
1339 3893 1447 3949 nefario
1477 3878 1614 3948 irruerunt
1629 3902 1658 3949 et
1681 3894 1825 3952 ecclesiam

192 3987 507 4044 cessitconttuuaeitera
520 3986 665 4058 praesentia
691 3988 858 4042 eorurndcrn.
874 3983 983 4040 Jttdices
1034 3987 1121 4058 ipsam
1139 3987 1217 4042 bonis
1237 3995 1291 4042 mut
1311 3986 1465 4041 intrinsecis
1483 3999 1566 4056 qttam
1590 3970 1752 4042 extrinsecis
1777 4001 1827 4056 per

193 4088 282 4134 atttcm
307 4079 516 4150 appellationem
540 4079 705 4146 laniustuotli,
729 4093 778 4149 pro
804 4092 837 4133 eo
861 4077 933 4149 qnod
954 4077 982 4132 in
1034 4079 1192 4133 violentiam
1207 4077 1365 4146 spoliantes,
1379 4076 1654 4148 etabipsoepiscopo
1668 4077 1826 4133 indumenta

192 4170 288 4226 litteris
305 4171 503 4226 commissoriis
517 4170 607 4226 fuerat
622 4171 771 4227 temedium
796 4170 982 4240 appellationis
1033 4165 1201 4238 pontificalia
1216 4165 1307 4219 viliter
1318 4179 1399 4220 ntattu
1410 4165 1540 4236 sacrilega
1556 4166 1744 4231 extraltentes,
1764 4155 1825 4221 cunt

191 4264 339 4328 sublatum,
355 4263 553 4319 frustratoriam
570 4262 753 4331 attendentes,
767 4272 794 4319 et
811 4265 983 4318 advertentes
1035 4259 1139 4314 duobus
1149 4256 1314 4332 presbyteris
1328 4257 1360 4311 de
1373 4257 1434 4314 loco
1447 4259 1480 4313 ad
1495 4257 1583 4313 locutu
1597 4270 1645 4326 per
1657 4257 1728 4310 invia
1741 4248 1828 4326 risque

192 4355 275 4408 etiarn
287 4355 362 4424 quod
375 4370 424 4426 per
442 4356 484 4410 sui
505 4339 715 4425 predecessoris
740 4365 933 4425 procuratores
956 4365 984 4410 et
1035 4351 1069 4408 ud
1086 4361 1208 4408 castrutn
1223 4352 1255 4406 de
1271 4351 1444 4422 bungatvan,
1468 4351 1494 4402 in
1510 4363 1564 4419 qno
1590 4357 1650 4403 erat
1673 4344 1828 4401 waterfor-

191 4459 240 4513 per
255 4445 342 4514 ipsura
362 4445 519 4516 episcopum
544 4447 653 4502 deutunt
675 4450 703 4499 in
719 4459 811 4499 corum
839 4442 980 4513 presentia
994 4457 1021 4518 Ι)
1034 4442 1127 4499 densis
1143 4429 1297 4512 episcopus,
1310 4442 1448 4509 captivum
1472 4429 1630 4493 inurbaniter
1655 4435 1827 4491 abduxerunt

191 4535 226 4590 iis
252 4532 342 4591 fuerat
372 4546 534 4605 contestata,
561 4548 645 4594 testes
673 4537 757 4607 ipsius
795 4534 982 4590 Lestttoreusis

191 4629 309 4698 episcopi
323 4641 403 4698 super
416 4630 520 4688 duobus
535 4629 657 4684 articulis
667 4630 770 4683 eisdem
790 4627 824 4681 ab
835 4624 982 4695 apostolica

191 4719 255 4774 sele
265 4718 429 4785 cotrnnissis,
445 4720 574 4776 videlicet
588 4719 659 4789 quod
674 4717 795 4774 Ecclesia
820 4715 981 4770 bostuoren·

193 4811 260 4867 sisa
292 4817 413 4878 tempore
441 4811 518 4878 cttjtts
539 4825 593 4866 uon
618 4817 708 4866 exstat
737 4807 868 4864 memoria
895 4804 983 4860 fuerat

191 4904 368 4972 catbedraiis,
379 4914 406 4962 et
420 4917 504 4974 super
517 4902 602 4974 ipsius
615 4901 755 4972 ,electione
784 4898 916 4954 canottioa
939 4913 982 4969 re·

192 5006 347 5068 ceperunt:
373 5001 454 5056 tertio
491 4994 607 5052 articulo
638 4992 833 5064 pretermisso,
858 4989 983 5044 videlieet

191 5093 523 5161 quodexcomnntnicatus
537 5087 679 5144 exstiterat
702 5083 807 5156 praefati
832 5079 982 5137 Watetfor-

191 5183 283 5239 densis
295 5182 415 5253 episcopi
431 5183 626 5252 predecessor,
652 5192 713 5232 cuna
742 5175 918 5230 inituutanunt
947 5171 983 5227 sit

191 5275 321 5347 persequi
332 5275 396 5330 odio
409 5276 466 5346 jatu
485 5272 653 5330 defunctum.
670 5269 765 5324 Testes
789 5267 871 5322 etiam
901 5277 982 5332 super

191 5365 309 5423 violenta
338 5379 468 5421 manuum
500 5363 646 5434 injectione
671 5360 757 5432 ipsius
794 5353 982 5412 Lesutoreusis

190 5457 358 5530 episcopide
375 5471 447 5516 uovo
467 5463 630 5527 praesumpta
645 5459 706 5524 post
724 5451 824 5508 iactato
839 5448 891 5503 illis
907 5461 981 5502 coru·

190 5550 350 5606 missionem
376 5550 498 5620 recipere
521 5550 710 5613 decreverunt,
738 5557 802 5600 cum
825 5541 858 5596 ad
888 5551 982 5606 eorum

192 5650 327 5712 spectac
336 5639 453 5698 officiata
465 5642 601 5712 corrigere
612 5637 681 5696 maie
692 5644 751 5692 acta
762 5634 835 5692 cirea
845 5629 981 5702 negotium

188 5737 246 5795 cibi
261 5737 296 5795 ab
316 5737 463 5807 apostolica
479 5737 542 5796 sede
557 5732 741 5807 cotuntissuut.

1034 4534 1171 4590 eumdem.
1184 4531 1267 4602 Cutius
1281 4531 1396 4602 pedibus
1419 4529 1491 4584 idem
1516 4525 1760 4588 waterfordensis,
1779 4523 1827 4578 de·

1033 4641 1138 4697 ponens
1157 4625 1319 4681 modestiam
1341 4621 1490 4692 pontiacis,
1503 4628 1531 4673 et
1561 4617 1677 4673 irtduens
1702 4614 1828 4683 nequiter

1034 4716 1170 4774 carnificis
1183 4717 1327 4777 feritatem,
1342 4711 1486 4782 cctttpetlcs
1500 4709 1609 4763 tradens
1624 4706 1726 4762 ferreos
1742 4718 1827 4758 tttanu

1034 4785 1094 4875 sua,
1109 4817 1137 4863 et
1147 4808 1247 4879 juvans
1258 4805 1365 4858 fabrum
1386 4800 1477 4856 elavos
1492 4798 1558 4868 ipsis
1584 4792 1760 4865 compedibus
1777 4793 1826 4849 de-

1034 4898 1171 4970 ligentem,
1185 4893 1325 4962 sicipsnut
1347 4889 1467 4945 carceris
1487 4885 1623 4957 ergastulo
1647 4881 1824 4966 tuanciparit·

1034 4988 1098 5045 Post
1108 4989 1166 5041 itae
1178 4994 1268 5039 autern
1295 4979 1478 5051 dictijudices
1494 4965 1564 5045 apud
1587 4970 1736 5032 cassellum
1763 4979 1820 5028 utta
1872 5011 1877 5020 .

1034 5097 1095 5136 cum
1107 5080 1179 5135 dieto
1198 5072 1358 5131 Casseiiensi
1378 5067 1589 5139 ‘archiepiscopo
1613 5067 1641 5121 iu
1669 5063 1765 5131 majori
1778 5075 1825 5118 ec·

1034 5171 1116 5227 etesia
1130 5156 1484 5228 convetttentes'ta'unnn,
1499 5155 1581 5226 buius
1605 5151 1758 5226 iniquitatis
1777 5153 1826 5207 au·

1034 5239 1124 5319 ctores
1150 5269 1179 5317 et
1200 5262 1283 5316 etiam
1310 5249 1512 5313 consentientes
1535 5249 1659 5317 eidem,
1687 5245 1824 5318 presente

1032 5335 1251 5421 ,waterfordensi
1267 5350 1394 5422 episcopo
1411 5357 1438 5402 ct
1449 5335 1555 5417 'pariter
1580 5333 1755 5403 assentiente,
1778 5351 1825 5391 ac·

1034 5448 1124 5505 censis
1140 5445 1270 5510 madetis,
1299 5433 1589 5499 excommunicationis
1601 5428 1709 5487 iincolo
1723 5426 1823 5484 solem·

1033 5539 1107 5595 niter
1135 5535 1310 5591 innodamur.
1338 5529 1476 5586 Evadente
1506 5528 1610 5596 itaque
1626 5529 1693 5593 post·
1718 5525 1822 5590 septem

1034 5605 1220 5684 hebdomadas
1233 5618 1405 5678 Lesntorensi
1418 5613 1545 5686 episcopo
1559 5613 1621 5672 'liei'
1640 5609 1742 5682 auxilio
1760 5621 1823 5665 car-

1034 5732 1124 5776 eeretn
1149 5715 1346 5788 supradictam,
1365 5712 1394 5771 in
1417 5708 1472 5785 quo
1482 5707 1540 5780 siti,
1552 5705 1626 5784 laute
1643 5718 1677 5766 ec
1698 5698 1820 5778 penuria
