4109 6325
140 294 214 353 usn¹
607 296 858 357 ronrtrtcnrus
876 296 1211 365 innotescentem
1231 302 1309 360 tero.
1718 307 1771 367 aas
1845 281 1853 295 '

143 412 253 467 Sancte
277 409 373 468 Lucia·
390 398 425 469 ad
440 418 516 483 septa
527 410 593 469 solis
612 412 727 469 diacono
740 412 879 469 cardinale
894 413 935 468 eis
949 424 972 481 p
987 421 1184 482 competentem
1199 429 1254 485 quo
1274 411 1316 471 se
1327 424 1421 473 nostro
1442 416 1599 488 conspectui
1619 431 1770 489 represen-

141 520 158 559 a
178 504 259 595 nobis
273 502 400 560 auditore
420 518 550 561 conamen
563 502 707 575 produxit,
719 512 748 559 et
761 504 851 560 adhuc
865 504 932 560 alios
985 510 1052 566 tent,
1074 500 1187 571 josram,
1211 512 1322 561 altiore
1344 506 1416 574 ⁰0⁰2
1434 507 1596 569 sententiam
1611 519 1771 583 receptura.

142 593 257 650 intendit
262 593 419 667 producere
428 608 520 649 coram
534 592 761 651 nohis.Praeiatus
773 608 839 651 rero
850 593 933 650 Gual·
984 588 1081 647 Testes
1107 604 1198 647 autern
1224 594 1388 663 quiineriut
1403 598 1548 667 nominati,
1561 598 1585 654 sl
1610 614 1651 656 se·
1670 603 1769 673 qratia,

143 686 228 743 terius
241 700 275 742 er
289 685 406 741 adverso
419 686 597 756 respondeus,
622 695 650 743 et
664 699 767 757 negans
791 700 851 757 quae
869 701 932 758 pro-
983 681 1103 766 odiovcl
1121 687 1218 739 timore
1241 685 1437 769 subtraxerint,
1459 701 1664 759 percensuram
1685 693 1772 749 eccle·
1873 673 1878 686 ’

140 778 229 845 posita
255 776 367 832 fuerant
391 784 582 845 contractum,
607 777 730 847 quaedam
754 792 837 847 super
859 779 931 833 theto
983 772 1139 839 basileam,
1164 773 1348 843 appellatione
1377 785 1517 844 cessante,
1540 778 1644 849 cogatis
1662 783 1772 839 veritati

140 868 282 925 electionis
293 883 360 933 sue.
372 868 495 938 quadam
508 868 591 925 etiam
603 877 698 924 contra
710 868 931 923 excommunica·
984 851 1342 936 testimoninm‘perutbere.
1359 866 1436 935 Quod
1456 869 1479 923 si
1508 870 1653 941 quidquam
1675 873 1773 929 bunna·

141 957 224 1014 tionis
238 958 425 1029 exceptionem
449 956 500 1015 sihi
524 954 660 1027 objectam
687 957 828 1029 proposuit
850 956 931 1028 repli-
983 952 1058 1007 ttiitta
1073 951 1200 1008 alterutri
1212 964 1333 1011 vestrum
1349 955 1531 1027 contingeret,
1548 970 1578 1016 ut
1597 961 1640 1020 his
1657 963 1773 1021 tidelitcr

140 1049 241 1114 cando,
258 1058 288 1105 et
302 1063 334 1103 ca
347 1063 378 1104 se
389 1048 489 1105 obtulit
499 1056 651 1118 opportuno
667 1054 788 1119 tempore
802 1048 930 1118 probatu·
982 1042 1173 1112 exsequendis,
1186 1044 1257 1100 sicut
1277 1045 1436 1115 iuramento
1453 1048 1577 1115 praestito
1592 1058 1707 1123 uterque
1730 1064 1770 1110 te-

139 1156 213 1206 rum,
225 1150 321 1211 petens
331 1140 442 1196 interim
456 1141 588 1209 quosdam
602 1148 694 1208 testes,
705 1154 773 1210 quos
783 1150 930 1210 presentes
982 1142 1072 1200 netur,
1088 1149 1175 1205 nsque
1189 1136 1223 1190 ad
1236 1136 1351 1193 llalend.
1372 1136 1500 1194 Octobris
1523 1141 1648 1207 proximo
1663 1142 1771 1201 inturas

139 1231 267 1298 hahebat,
279 1231 362 1301 recipi
375 1247 457 1302 super
467 1232 531 1297 illis,
540 1229 665 1287 videlicet
678 1232 750 1302 quod
761 1231 929 1303 saepedictus
982 1224 1113 1283 interesse
1122 1242 1175 1282 non
1189 1237 1291 1297 posset,
1298 1238 1400 1288 extunc
1408 1228 1524 1285 dilectus
1530 1230 1601 1286 tilius
1615 1232 1771 1293 Florentius

140 1322 203 1378 one
226 1322 402 1392 supputationi
415 1338 497 1393 quiam
509 1322 629 1387 fenerat,
648 1336 730 1392 snper
743 1335 776 1377 ee
788 1322 860 1391 quoe
875 1335 928 1377 nnn
981 1314 1106 1373 ahbasde
1122 1317 1232 1374 Sicinem
1243 1319 1316 1374 omni
1327 1319 1542 1376 contradictione
1550 1322 1772 1394 acappellatione

139 1413 355 1482 respondebatur
370 1414 469 1470 litteris
487 1414 586 1469 nostris
601 1428 651 1483 pro
670 1413 729 1483 ipso
750 1411 872 1479 directis,
886 1428 929 1467 re·
980 1409 1152 1466 cessantibus
1165 1410 1305 1481 premissa
1322 1426 1384 1467 curn
1403 1410 1507 1483 reliquo
1522 1414 1684 1471 auctoritate
1701 1432 1772 1487 prae·

140 1504 276 1560 nuntiarit
288 1519 431 1575 expresse,
443 1505 515 1577 quod
526 1504 758 1575 archiepiscopus,
771 1518 832 1559 cum
846 1516 927 1575 opor·
981 1502 1099 1557 sentium
1113 1515 1287 1575 exsequatur.
1301 1503 1386 1560 liullis
1396 1504 1496 1561 litteris
1504 1507 1685 1575 obstantibus,
1702 1524 1772 1580 prm·

140 1603 209 1651 teret
221 1594 311 1665 ipsum
327 1596 426 1668 legatis
438 1596 540 1652 uostris
557 1610 713 1661 occurrere,
730 1594 929 1665 appetantque
982 1602 1023 1648 ter
1037 1609 1178 1651 assensum
1198 1597 1344 1667 partiente
1363 1599 1427 1653 sede
1448 1598 1596 1668 apostolica
1608 1598 1770 1671 impetratis.
1885 1598 1888 1609 “

139 1684 286 1754 capitulum
301 1694 364 1741 aute
382 1686 499 1742 reditum
514 1701 593 1744 tuum
609 1689 644 1743 ad
660 1686 820 1745 eiectionem
832 1700 928 1757 proce·
1014 1682 1113 1739 Datum
1125 1684 1263 1755 Laterani,
1275 1702 1292 1742 v
1306 1686 1369 1743 idus
1382 1686 1481 1757 April,
1492 1688 1669 1758 pontificatus
1683 1695 1770 1750 nostri

138 1776 224 1842 deret,
241 1778 285 1832 cni
298 1776 332 1831 de
346 1792 421 1832 more
432 1778 565 1834 interesse
581 1777 708 1844 debebat,
719 1778 790 1848 quod
804 1776 893 1847 major
902 1785 929 1833 et
945 1755 1053 1831 Banno
1066 1777 1276 1834 tertiodecimo.

136 1867 232 1921 sanior
252 1881 317 1939 pars
339 1866 448 1937 capituli
473 1868 612 1924 consensit
632 1868 749 1925 induciis
761 1883 828 1938 quas
856 1868 928 1924 idem
1362 1868 1393 1925 h.

136 1960 362 2029 archiepiscopus
381 1961 538 2032 postularit,
556 1970 587 2018 ut
608 1962 714 2019 scilicet
731 1963 928 2035 electioneque
997 1972 1086 2015 nuercr
1106 1949 1217 2016 ructent
1237 1977 1265 2015 a.
1287 1976 1382 2018 sonent
1401 1978 1505 2021 nostru
1522 1980 1578 2019 vrru
1595 1979 1754 2023 stueutottts

135 2050 247 2121 adeius
270 2050 384 2108 ieditum
403 2051 570 2122 differretur,
592 2054 772 2110 ettlonradus
789 2053 928 2111 etGrasco
1301 2069 1450 2112 utsusnsrs.

136 2144 207 2199 socii
219 2144 341 2214 ejusdem
352 2144 460 2202 titionis
472 2146 539 2215 ipsis
551 2145 667 2201 induciis
681 2154 890 2213 consenserunt,
901 2158 929 2201 et
1105 2140 1144 2196 De
1155 2158 1236 2197 curtas
1249 2145 1355 2200 diuortii
1366 2162 1426 2199 cum
1438 2163 1496 2218 repe
1505 2146 1648 2206 notente.

136 2236 209 2305 quod
223 2236 333 2292 dentum
353 2254 368 2293 a
393 2236 530 2306 majorici
548 2239 651 2293 saniori
665 2249 743 2309 parte
759 2238 872 2310 capituli
901 2240 927 2295 iu
1176 2232 1324 2304 (hilerim,
1336 2235 1428 2292 idibus
1441 2237 1566 2310 Aprili-50)

136 2328 314 2397 praepositum
335 2329 371 2384 sit
389 2328 505 2394 electus,
520 2328 652 2397 adjiciens
674 2329 746 2400 quod
763 2338 928 2385 memoratus
1015 2321 1073 2392 (ἥ)
1092 2323 1198 2379 Dudum
1213 2326 1249 2380 ad
1264 2340 1345 2382 sities
1359 2333 1467 2384 nasitus
1488 2342 1522 2384 ex
1534 2340 1612 2399 parte
1630 2340 1676 2389 tua
1696 2349 1771 2405 quac·

136 2416 200 2473 Otto
214 2420 400 2475 admittendus
421 2436 474 2476 non
487 2430 560 2476 esset
580 2420 613 2475 ad
632 2420 819 2491 exceptionem
845 2435 927 2491 quam
979 2414 1070 2469 stione
1081 2414 1184 2483 perlata
1204 2415 1351 2484 quodcum
1366 2415 1544 2473 charissimus
1560 2420 1588 2475 in
1608 2421 1718 2481 Christo
1737 2426 1770 2480 ti-

137 2512 171 2567 de
181 2512 270 2580 ipsius
283 2514 565 2570 excommunicatione
577 2513 721 2583 proponit;
737 2520 793 2567 turn
807 2512 870 2583 quin
884 2512 928 2567 si.
978 2504 1031 2560 lius
1042 2513 1133 2561 noster
1144 2519 1191 2561 rex
1202 2504 1342 2561 Bohemim
1352 2505 1466 2563 illustris
1482 2509 1639 2568 reduxisset
1649 2512 1771 2586 leqitinrc

137 2603 257 2657 muniant
267 2602 295 2658 in
307 2618 363 2659 strae
374 2604 566 2661 nominationis
575 2605 647 2659 tacto
660 2603 747 2672 ipsum
759 2602 927 2660 commisisse
978 2596 1005 2651 itt
1019 2609 1144 2664 uxerem,
1160 2610 1193 2651 ac
1206 2596 1299 2652 decern
1313 2605 1341 2651 et
1355 2606 1418 2654 octo
1437 2596 1494 2669 βᾶ)
1507 2600 1587 2656 aunis
1608 2612 1637 2657 et
1653 2606 1771 2675 amplius

137 2692 257 2759 dicebat,
265 2703 323 2749 turn
338 2694 422 2749 etiam
432 2704 543 2765 propter
555 2694 729 2750 aliascauans
742 2707 810 2763 quas
823 2704 928 2748 assere-
979 2686 1054 2743 velut
1068 2686 1213 2759 coniugem
1224 2686 1375 2759 legitimam
1389 2697 1595 2761 pertractasset,
1610 2693 1672 2749 iuliis
1696 2705 1725 2751 et
1738 2696 1770 2751 ll-

135 2781 928 2863 hotcousisterecircalactum,cumillumcommunicasse
978 2778 1066 2835 liebus
1087 2792 1121 2836 er
1141 2788 1170 2835 te
1181 2780 1324 2849 susceptis,
1346 2792 1379 2835 ac
1394 2780 1557 2856 venerahilis
1569 2780 1655 2839 irater
1676 2795 1771 2843 noster

136 2864 187 2931 sihi
213 2883 359 2931 tentante
384 2890 496 2931 causam
522 2882 659 2930 astrueret
682 2887 764 2943 quant
790 2872 817 2927 in
834 2886 926 2929 cansa.
977 2869 1124 2939 Pragensis
1149 2868 1294 2941 episeopus
1321 2869 1357 2926 ad
1380 2870 1537 2941 petitionem
1562 2881 1590 2928 et
1611 2875 1769 2932 ntaudatum

172 2964 225 3021 Sed
234 2966 269 3021 ad
279 2966 338 3021 haec
350 2966 421 3021 idem
429 2964 494 3023 Otto
502 2966 640 3036 respondit
649 2964 732 3036 quod,
746 2964 808 3020 licet
816 2964 927 3020 omniuo
978 2963 1099 3035 ejusdem
1124 2963 1206 3032 repis,
1223 2974 1249 3020 te
1269 2963 1378 3021 volente
1396 2965 1431 3019 ad
1453 2980 1563 3023 causam
1583 2968 1715 3024 accedere
1737 2980 1767 3023 ut

135 3060 238 3115 nullam
264 3044 434 3116 commiserit
467 3059 634 3126 Sintouiam,
657 3058 722 3130 quin
750 3059 841 3129 potius
867 3060 962 3146 ipsec
980 3065 1041 3110 tuas
1051 3068 1144 3110 coram
1158 3068 1191 3109 eo
1205 3068 1371 3125 proponeres
1387 3055 1518 3126 rationes,
1537 3058 1585 3113 sed
1602 3073 1618 3112 a
1643 3048 1767 3115 satelliti·

136 3150 293 3209 Gualterius
305 3150 492 3208 simoniacam
505 3150 675 3208 commiserit
695 3151 867 3222 pravitatem,
879 3165 927 3222 per
979 3148 1030 3204 hus
1054 3146 1195 3202 memorati
1218 3147 1289 3218 reqia
1312 3146 1460 3217 prohibita,
1481 3156 1543 3220 post
1559 3150 1768 3221 appeliationem

137 3244 348 3315 replicationem
364 3253 453 3300 tamen
465 3243 633 3316 premissam
647 3243 754 3313 dejure
770 3258 823 3298 nott
837 3252 928 3314 posset
979 3239 1013 3293 ad
1028 3253 1079 3295 nos
1091 3239 1279 3309 interpositam
1293 3238 1401 3294 diuortii
1417 3241 1578 3296 sententiam
1594 3245 1765 3314 promulgas·

134 3335 427 3392 excommunicationis
440 3335 563 3406 probatio
573 3334 927 3406 impediri,cumerceptin-
978 3338 1031 3395 set,
1044 3345 1059 3384 a
1073 3344 1126 3400 qua
1139 3328 1229 3386 iecisti
1243 3343 1294 3399 per
1302 3329 1472 3399 capellanum
1492 3340 1569 3386 tuunt
1583 3332 1654 3388 inira
1670 3335 1769 3391 decen-

134 3445 198 3484 nem
214 3429 369 3500 uniusmodi
393 3428 456 3486 talis
471 3426 611 3498 replicatio
627 3439 681 3481 non
702 3424 851 3496 contingat.
867 3425 926 3481 Etsi
979 3421 1053 3478 diunt
1068 3419 1174 3494 [decern
1197 3419 1266 3494 dies]
1280 3421 1424 3492 appellari,
1437 3422 1532 3478 eodem
1556 3437 1620 3495 repe
1636 3426 1770 3494 superdu-

133 3524 220 3578 etiatn
236 3535 331 3576 rerum
346 3529 421 3576 esset
432 3520 505 3589 quod
520 3528 575 3575 tam
592 3507 655 3572 tr'tte
667 3530 778 3573 causam
801 3532 884 3589 quam
899 3518 926 3572 in
977 3523 1057 3570 cente
1069 3515 1241 3586 postmodum
1256 3513 1445 3571 charissimam
1459 3516 1487 3571 in
1507 3515 1616 3574 Christo
1637 3519 1721 3575 hlium
1734 3520 1766 3577 C.

133 3629 219 3669 causa
237 3612 350 3682 praelato
365 3609 751 3677 communicassetGualterio,
763 3610 821 3681 ipse
835 3618 924 3666 tamen
977 3621 1098 3663 sororem
1113 3607 1266 3662 charissimi
1282 3607 1309 3661 in
1319 3589 1428 3664 Christo
1443 3607 1490 3662 lilii
1506 3609 1591 3665 nostri
1605 3612 1677 3681 repis
1690 3611 1765 3668 llun·

134 3721 188 3760 non
213 3703 354 3759 debuisset
376 3717 437 3758 euru
463 3702 491 3756 in
509 3700 653 3758 manifesto
668 3703 773 3766 vitarer
790 3710 847 3756 tum
861 3702 925 3770 quia
976 3711 1103 3767 qarorunt
1118 3695 1241 3761 illustris,
1256 3705 1316 3766 post
1328 3696 1450 3753 diversas
1462 3697 1567 3755 litteras
1577 3703 1765 3770 super-eodem

134 3796 312 3851 denuntiatus
325 3810 380 3850 non
393 3795 493 3861 iuerat,
509 3806 537 3850 et
550 3802 605 3848 tam
617 3807 632 3847 a
644 3793 852 3862 praelatisquanr
864 3791 926 3848 aliis
977 3788 1085 3854 ttegntio
1103 3787 1274 3856 impetratas,
1297 3789 1406 3842 demunt
1421 3790 1620 3846 venerabilibus
1636 3792 1767 3850 iratribus

134 3885 390 3940 communicabatur
400 3885 575 3947 cidern;,tum
587 3882 720 3952 quia,etsi
730 3882 852 3938 crederet
863 3896 924 3944 eunt
976 3877 1076 3934 nostris
1095 3875 1308 3933 halberstatensi
1323 3887 1351 3933 et
1369 3877 1628 3952 llambemberqensi
1654 3881 1766 3956 [llavel-

134 3979 163 4030 in
176 3991 313 4032 canonem
333 3975 394 4030 latae
407 3974 549 4031 sentcntiae
563 3973 702 4040 incidisse,
715 3972 786 4028 sicut
797 3974 821 4028 ei
836 3971 926 4030 luerat
976 3958 1112 4039 minerii]
1124 3967 1259 4039 episcopis
1275 3977 1304 4022 et
1321 3969 1419 4025 dilecto
1438 3970 1494 4026 lilio
1512 3969 1603 4026 abbati
1626 3974 1660 4027 de
1678 3972 1765 4031 Porca

135 4067 304 4132 intimatum,
315 4081 370 4120 non
381 4074 471 4120 tannen
485 4064 537 4118 hoc
547 4062 653 4117 viderat
666 4061 864 4132 perseipsum,
878 4063 924 4118 scd
976 4059 1099 4116 dedimus
1109 4059 1138 4114 in
1149 4059 1286 4116 mandatis
1299 4068 1329 4114 ut
1339 4061 1443 4116 vocatis
1456 4062 1490 4116 ad
1503 4076 1579 4116 suanr
1591 4065 1766 4133 praesentiam

132 4159 293 4212 covttidebat
316 4170 365 4226 per
390 4155 458 4210 alios
474 4153 500 4208 itl
515 4167 594 4222 posse
614 4153 739 4223 probare.
760 4151 829 4218 Quia
843 4151 924 4221 iqltur
975 4167 1046 4237 quos
1067 4161 1214 4209 noscerent
1233 4153 1399 4218 evocandos,
1418 4151 1587 4222 inquirerent
1609 4153 1766 4226 diligentius
1802 4172 1806 4177 ·

133 4249 327 4320 replicationes
348 4245 501 4315 hujusmodi
516 4259 570 4300 nun
592 4244 680 4300 solum
705 4240 828 4297 invalide
851 4248 923 4304 sunt,
968 4241 1127 4307 veritatem,
1142 4241 1255 4310 etquod
1281 4241 1445 4309 invenirent,
1460 4256 1508 4310 per
1519 4256 1582 4298 suas
1600 4244 1681 4300 nohis
1692 4243 1766 4301 litte·

132 4344 220 4400 sedet
236 4341 343 4397 frivolas
358 4341 524 4410 reputandae,
539 4352 588 4393 nos
612 4335 652 4392 eis
682 4351 852 4406 nequaquam
876 4335 924 4390 ob-
976 4347 1020 4386 ras
1035 4332 1204 4398 intimarent,
1222 4340 1251 4388 ut
1268 4348 1302 4388 es
1326 4348 1420 4388 eorum
1443 4332 1574 4389 relatione
1600 4334 1765 4392 sufficienter

136 4433 284 4495 cuntibus,
311 4430 444 4502 quosdam
461 4438 543 4484 testes
561 4441 642 4498 super
655 4425 788 4496 aliquibus
803 4426 924 4496 praemis-
939 4432 961 4486 ι)
979 4421 1115 4487 instructi,
1127 4421 1274 4491 procedere
1296 4419 1409 4477 liberius
1430 4419 1457 4475 tn
1472 4421 1581 4490 negotio
1600 4420 1762 4479 valeremus.

131 4539 226 4582 sorum
245 4523 330 4591 recipi
347 4521 463 4577 lecimus
481 4519 609 4588 utrinque
624 4517 780 4587 productos,
797 4524 824 4572 et
838 4518 924 4586 depo·
976 4513 1027 4585 lpsi
1043 4526 1109 4568 reto
1120 4520 1204 4569 testes
1215 4521 1481 4584 posteareceperunt
1497 4526 1533 4567 er
1550 4521 1595 4566 tua
1608 4522 1685 4584 parte
1697 4528 1764 4584 pto·

130 4614 248 4686 sitiones
264 4626 361 4667 eorum
373 4611 424 4667 suh
436 4609 557 4678 ejusdem
580 4605 727 4664 cardinalis
740 4605 827 4678 sigillo
853 4607 923 4676 apud
974 4607 1083 4672 tlucms,
1100 4603 1147 4675 qui
1156 4603 1316 4674 jnraverunt
1327 4618 1378 4675 pro
1391 4611 1506 4672 utraque
1518 4611 1599 4672 parte
1615 4604 1707 4659 dicere
1718 4618 1765 4659 ve-

130 4705 224 4761 sedem
240 4703 418 4775 apostolicam
432 4701 577 4766 reservari,
594 4699 750 4756 discretioni
766 4707 863 4754 uestrae
877 4714 924 4769 per
977 4699 1098 4763 ritatem,
1108 4704 1137 4751 et
1151 4696 1332 4766 depositiones
1341 4709 1435 4750 eorum
1445 4693 1563 4764 propriis
1573 4693 1765 4762 sigillisiuciu·

130 4796 284 4867 apostolica
314 4791 414 4864 scripta
439 4793 600 4849 mandantes
627 4800 762 4862 quatenus
787 4789 923 4860 recipiatis
973 4803 1020 4843 sas
1035 4787 1070 4842 ad
1086 4796 1207 4842 nostram
1232 4785 1404 4858 presentiam
1426 4785 1645 4841 transmiserunt.
1660 4785 1760 4841 Verum

129 4889 201 4946 alios
217 4898 311 4956 testes,
328 4897 382 4942 tant
399 4900 482 4956 svper
506 4885 549 4941 his
573 4898 654 4954 super
675 4881 839 4952 quibusjam
861 4891 925 4937 sunt
975 4897 1037 4936 curu
1067 4888 1231 4949 procurator
1254 4887 1316 4933 tuus
1345 4885 1373 4932 et
1398 4876 1512 4931 nuntius
1540 4876 1661 4947 ejusdem
1687 4876 1761 4946 regis

131 4987 217 5034 testes
230 4977 371 5050 producti,
382 4989 464 5047 qnam
479 4974 561 5030 etiarn
571 4985 654 5044 super
666 4972 728 5028 aliis
746 4970 773 5028 iu
787 4972 921 5030 narratio·
975 4979 1084 5041 propter
1095 4967 1507 5040 hoeapudsedeanapostolicam
1517 4967 1656 5023 constituti
1667 4979 1760 5023 euram

129 5069 213 5123 uibus
225 5070 348 5140 partium
371 5065 588 5136 comprehensis,
602 5070 630 5119 et
647 5077 694 5120 eos
720 5064 831 5134 insuper
855 5079 923 5134 quos
975 5061 1073 5117 dilecto
1080 5060 1236 5116 tilionostro
1246 5057 1329 5115 Petro
1343 5058 1412 5114 tituli
1426 5056 1646 5114 Sanctillarcclli
1652 5058 1764 5130 preshy-

129 5163 165 5215 ad
180 5161 387 5232 replicationem
408 5158 517 5213 testium
541 5156 625 5226 partis
651 5154 771 5210 adversae
797 5155 924 5210 utralibet
976 5165 1035 5212 tero
1049 5153 1197 5219 cardinale,
1212 5167 1293 5222 quent
1313 5151 1380 5223 ipsis
1392 5151 1516 5208 dedimus
1530 5148 1692 5217 auditorem,
1713 5149 1764 5204 ali·

128 5269 196 5322 pars
225 5252 334 5308 duxerit
357 5249 557 5323 producendos,
571 5259 600 5303 et
621 5247 804 5316 depositiones
828 5260 922 5300 eoruut
975 5234 1558 5316 quandiulitiqassent,etprocuratorlpse
1575 5239 1763 5294 attestationes
1798 5245 1804 5254 ⁴

127 5343 293 5398 examinetis
325 5343 490 5412 prudenter,
516 5353 548 5394 ac
583 5336 699 5392 lldellter
727 5337 922 5402 coruscribatis,
975 5329 1280 5402 eaedentapprolrandas
1291 5337 1437 5394 assereret,
1450 5335 1479 5382 et
1488 5325 1599 5382 nuntius
1608 5327 1764 5382 exaduerso

129 5447 234 5502 easque
260 5433 312 5488 suh
326 5431 423 5503 siqilli's
451 5429 550 5484 restris
576 5415 694 5482 inclusas
706 5427 739 5481 ad
754 5427 845 5481 sedern
860 5443 922 5498 apo·
974 5436 1032 5488 eas,
1048 5430 1141 5492 utpote
1151 5420 1199 5476 lite
1212 5433 1265 5475 uon
1277 5425 1429 5473 contestata
1442 5424 1470 5472 ct
1482 5422 1541 5487 post
1553 5415 1769 5486 appehatiouem'

128 5527 255 5582 stolicam
272 5522 433 5587 destinetis,
449 5519 619 5590 predqeutcs
637 5518 760 5588 partibus
778 5517 922 5574 terminum
975 5515 1009 5570 ad
1032 5528 1083 5570 nos
1098 5511 1220 5583 legitime
1237 5508 1426 5580 interpositam
1449 5505 1603 5562 inordinate
1628 5514 1761 5578 receptas,

166 5707 225 5780 (Ξὲ)
243 5705 313 5762 vute
323 5721 405 5776 supra
420 5703 466 5760 lih.
480 5719 511 5769 tt,
527 5701 608 5774 epist.
624 5699 682 5754 lii.
1011 5687 1069 5760 (25)
1086 5689 1115 5741 ln
1126 5697 1222 5757 qvtnrta
1235 5685 1302 5742 Coti.
1316 5700 1370 5740 xvv.
