4109 6325
127 333 184 390 ⁸23
571 333 820 398 eourtltctrtts
838 339 933 399 turio
952 341 1019 412 ill,
1038 342 1173 402 cuutsrt
1193 347 1271 404 tell.
1700 361 1754 418 sed

126 463 190 504 nam
203 461 287 516 quam
297 445 400 502 eisdem
408 445 542 518 episcopis
549 447 676 518 intulisti,
686 465 738 508 nec
752 467 803 507 nos
813 452 917 522 absque
930 458 955 516 Α
969 457 1058 512 sotira
1070 457 1125 514 boo
1138 468 1166 514 ιι
1183 459 1299 516 libertati
1321 476 1397 527 mcae,
1421 469 1543 524 concessi
1557 471 1580 525 ei
1597 472 1656 541 plus
1667 488 1750 544 quarn

123 537 249 608 judiciali
268 537 425 608 cognitione
438 537 559 596 valemus
576 539 648 596 salva
668 542 774 611 irretitis
788 557 916 600 revocare
967 547 1083 614 ceteris,
1099 561 1130 603 ut
1142 549 1266 605 videlicet
1287 552 1379 608 elerici
1393 555 1417 609 ei
1439 557 1622 618 deservientes
1637 563 1751 624 liberum

130 629 296 686 senteutiam
309 627 447 683 interdicti
463 643 544 696 quam
560 629 586 684 in
609 639 708 686 terram
734 643 808 687 tuam
835 633 915 688 iidem
967 637 1086 694 iubeant
1100 649 1246 696 attractum
1262 643 1289 696 in
1311 644 1373 698 rilla
1388 645 1543 706 birioneusi
1562 655 1657 711 codem
1673 664 1753 718 inodo

126 721 248 790 episcopi
271 719 731 790 lii⁰¹¹¹¹0il1⁰lissedsicttldicdum
751 726 915 794 mentiosus,
966 745 1019 798 quo
1034 732 1191 802 ogttlrnben,
1206 734 1284 791 idest
1296 735 1447 794 libertatem
1465 745 1599 803 retinendi
1629 753 1753 811 immines

125 816 165 870 ita
183 828 257 868 nnuc
279 827 387 882 quoque
409 827 547 882 rogamus,
564 821 593 866 ιιι
619 814 770 883 postposito
789 817 917 887 utrinque
966 824 1180 894 eamdentquetu
1193 841 1243 896 ego
1265 828 1352 885 liabeo
1366 830 1394 886 in
1412 834 1473 889 rilla
1497 838 1661 899 niviallensi,
1684 847 1751 904 pepp

124 904 310 975 judicioque
321 913 395 958 certe
406 903 447 958 sic
459 903 724 974 omniumomniuni
736 908 917 964 amicabiliter
966 913 1049 968 etiam
1064 917 1166 971 eisdem
1193 918 1301 974 clericis
1314 928 1370 976 tres
1393 923 1426 978 de
1448 927 1601 988 bominibus
1629 937 1697 993 meis
1715 941 1749 995 ad

127 995 266 1063 sopiatur.
282 991 357 1064 (282)
381 992 574 1048 Verumtamen
599 995 745 1052 scribimus
761 1012 842 1068 super
864 1001 916 1055 ltoc
966 1002 1154 1060 sufficiendum
1169 1009 1293 1064 cccleslae
1312 1026 1368 1067 suae
1393 1013 1465 1080 lbus,
1482 1017 1580 1085 oleum,
1595 1034 1621 1079 ct
1645 1041 1747 1095 ceram,

121 1083 276 1140 reserabili
307 1081 384 1137 tratri
408 1091 505 1138 nostro
533 1084 740 1156 archiepiscopo
763 1087 914 1145 Senottensi
964 1096 1130 1165 quianullus
1147 1097 1529 1162 adbucbabebautbonriues.
1546 1111 1596 1177 Qui
1626 1118 1753 1177 videlieet

123 1177 279 1230 secundum
296 1174 411 1230 iormam
426 1188 507 1240 quarn
522 1176 691 1246 providimus
719 1187 911 1248 opportunam.

161 1266 257 1322 batum
270 1268 342 1336 apud
355 1267 483 1336 cryptam
509 1265 652 1335 leuatam,
673 1283 723 1322 rrrr
739 1267 851 1326 Kalend.
865 1269 916 1326 Se·

125 1357 268 1428 preminur,
278 1372 351 1413 anno
367 1364 464 1428 quarto
477 1355 592 1411 decimo.

457 1445 567 1503 cttttv.

143 1555 246 1596 omaso
265 1555 300 1595 er
317 1553 448 1596 caesareo
466 1555 592 1596 streete
610 1555 686 1597 nucts
704 1557 883 1600 orrroumsrs.

123 1630 325 1699 continuantur
339 1631 377 1684 eir
396 1631 463 1684 iona
477 1647 600 1685 concesso
619 1649 635 1685 ιι
659 1633 724 1686 duce
736 1631 910 1703 Burpurrdilc.

966 1197 1022 1243 tres
1032 1188 1156 1244 bomines
1169 1198 1196 1245 ιι
1215 1193 1364 1246 servientes
1376 1193 1546 1264 clericorum,
1562 1204 1655 1272 quide
1670 1211 1751 1268 domo

964 1284 993 1332 ιι
1000 1292 1094 1334 mensa
1107 1293 1202 1336 sorum
1217 1292 1309 1348 erum,
1326 1285 1371 1339 alii
1389 1301 1497 1357 quoque
1509 1305 1600 1346 eornm
1613 1297 1749 1366 bomincs.

965 1384 1047 1438 quos,
1073 1371 1128 1428 lieo
1140 1371 1282 1444 largiente.
1294 1376 1424 1445 predicto
1449 1379 1493 1434 rel
1506 1382 1559 1437 alio
1570 1384 1643 1453 justo
1671 1393 1751 1448 ruodo

964 1467 1091 1527 poterunt
1105 1461 1253 1530 requirere,
1268 1465 1302 1520 ab
1322 1466 1395 1521 omrri
1408 1470 1549 1526 exactione
1563 1483 1589 1528 et
1617 1477 1688 1534 tallia
1704 1495 1751 1537 seu

964 1565 1125 1620 quacunque
1151 1557 1347 1612 consuetudine
1379 1560 1536 1617 omnimodo
1558 1563 1636 1622 liberi
1659 1581 1750 1638 erunt,

964 1641 1114 1710 plenarium
1132 1659 1209 1698 usum
1220 1644 1270 1701 lori
1286 1648 1418 1706 babentes
1431 1652 1501 1708 sicut
1512 1655 1635 1713 immines
1652 1660 1749 1718 ducis:
1795 1706 1801 1722 ,

290 1720 438 1792 (Laterani,
451 1736 472 1776 ιι
485 1720 554 1776 Νιιι.
571 1722 751 1793 Decembris.)
965 1749 1079 1802 quorum
1094 1734 1219 1790 uidelicet
1233 1737 1371 1794 homiuum
1386 1743 1427 1797 vel
1448 1747 1624 1804 servientium
1637 1752 1752 1810 elerico·

158 1814 238 1883 (ιιι)
256 1811 351 1868 Cuma
364 1812 442 1868 nobis
453 1814 557 1880 petitur
581 1817 653 1882 quod
673 1814 775 1883 justum
803 1824 858 1883 est,
883 1827 910 1872 et
927 1796 950 1852 B
965 1841 1025 1880 rum
1041 1826 1062 1880 si
1077 1828 1191 1896 quisque
1210 1829 1236 1884 in
1249 1845 1359 1886 causam
1375 1835 1512 1905 trahatur,
1524 1855 1576 1894 non
1602 1847 1750 1912 responde·

122 1906 295 1970 ltorrestum,
324 1915 387 1970 etc,
417 1920 499 1974 usqae
524 1902 660 1959 ellectum.
689 1905 851 1977 Eapropter,
871 1909 912 1964 di·
963 1913 1065 1970 bitnisi
1079 1929 1128 1985 per
1144 1917 1269 1974 dominos
1282 1935 1356 1985 suos,
1369 1924 1413 1990 qui
1429 1927 1450 1980 si
1465 1927 1607 1997 culpabilis
1620 1934 1747 1990 inrerria-

124 1997 189 2052 lecti
220 1996 248 2052 iu
273 1997 386 2052 Domino
405 1996 473 2062 utri,
496 1997 594 2052 restris
615 1999 696 2065 iustis
720 2001 912 2068 postulationi·
965 2012 1019 2069 tur,
1035 2007 1077 2061 ιιι
1101 2006 1160 2076 ejus
1194 2008 1221 2062 iu
1252 2026 1332 2065 ntanu
1351 2014 1519 2072 dominorum
1548 2035 1658 2077 suorum
1685 2025 1746 2080 erit.

123 2088 176 2141 lus
190 2096 270 2157 grato
283 2095 476 2142 concurrentes
499 2100 623 2154 assensu,
635 2089 831 2156 possessiones,
851 2091 912 2145 red-
962 2093 1097 2164 Quidquid
1107 2111 1171 2152 vero
1186 2098 1266 2154 iidem
1282 2101 1371 2156 clerici
1389 2102 1423 2158 de
1450 2120 1510 2160 mco
1532 2123 1686 2168 casamento
1700 2130 1749 2186 pc

122 2180 213 2244 citus,
248 2179 457 2248 exemptiones,
492 2178 636 2235 libertates
668 2190 696 2236 et
726 2181 911 2240 immunitates
963 2192 1054 2241 terunt
1067 2188 1218 2256 acquirere,
1239 2189 1353 2244 liberum
1367 2192 1513 2250 lraltebuut.
1537 2197 1571 2254 Ut
1589 2215 1652 2258 cero
1666 2205 1749 2262 isdem

122 2283 190 2338 quas
203 2271 282 2324 bonae
295 2269 434 2324 mentorioe
458 2269 601 2340 lluqodux
624 2270 788 2340 burgurtdiae
812 2276 910 2343 predi·
962 2277 1094 2346 capellani
1109 2280 1160 2334 anei
1171 2280 1204 2334 de
1217 2294 1309 2336 mensa
1328 2297 1387 2336 mon
1405 2293 1432 2339 et
1447 2287 1527 2344 tlorno
1548 2305 1609 2346 esse
1627 2295 1746 2352 manile·

123 2369 173 2413 ctae
186 2358 297 2428 capella*¹
309 2358 353 2430 pia
372 2358 531 2414 iiberalitate
544 2362 689 2426 concessit,
704 2363 774 2418 sicut
793 2378 825 2418 ea
837 2363 910 2432 juste
961 2367 1031 2422 stius
1052 2379 1263 2439 coporoscantur,
1289 2371 1313 2424 iu
1339 2370 1416 2430 iustis
1443 2379 1600 2448 annalibus,
1619 2385 1645 2438 in
1661 2395 1703 2442 est
1719 2387 1748 2443 in

123 2466 154 2505 ac
171 2451 284 2520 basilice
299 2450 440 2515 obtinetis,
452 2458 479 2504 et
490 2451 517 2504 in
531 2452 685 2507 arttlreutico
698 2452 762 2508 iude
772 2455 908 2522 coniecto,
961 2454 1108 2510 Nativitnte
1122 2457 1237 2524 botnini,
1254 2460 1280 2512 in
1296 2459 1409 2528 Pnsnlna,
1423 2465 1449 2520 iu
1467 2467 1644 2528 Pentecosten
1656 2515 1663 2540 ,
1677 2486 1705 2532 ιι
1719 2477 1747 2533 in

122 2544 202 2612 cujrrs
214 2555 335 2600 terrorem
349 2544 530 2613 presentibus
551 2542 684 2611 jussimus
704 2544 802 2601 litteris
826 2548 909 2601 aduc-
961 2544 1088 2601 Olcinium
1103 2545 1276 2612 Srtrtctcrum,
1292 2551 1313 2604 si
1330 2551 1384 2605 dux
1399 2554 1442 2608 rel
1454 2557 1561 2612 ducissa
1575 2560 1678 2618 birioui
1690 2565 1749 2622 lue·

124 2636 186 2700 tari,
196 2635 303 2705 plenius
311 2636 477 2698 continetur,
494 2635 572 2688 vobis
591 2641 618 2688 et
632 2648 680 2703 per
702 2649 750 2690 vos
764 2635 851 2690 eidem
864 2651 910 2690 cn·
961 2637 1026 2700 ιιιιι,
1055 2639 1189 2706 accipient
1203 2639 1236 2692 de
1258 2654 1375 2709 expensa
1402 2646 1493 2711 curiae,
1519 2658 1647 2718 tanquam
1671 2671 1746 2712 com-

122 2727 197 2798 pellas
207 2728 369 2783 auctoritate
383 2725 529 2808 apostolica
541 2724 735 2780 confirmamus
748 2734 775 2780 ct
788 2742 908 2797 praesen-
961 2726 1093 2781 mensales
1104 2729 1189 2798 dueis,
1203 2729 1229 2782 iu
1242 2742 1399 2799 perpetuum
1414 2735 1480 2790 diros
1491 2737 1649 2809 solidospro
1664 2761 1746 2816 pane,

123 2821 157 2873 tis
173 2818 267 2887 scripti
295 2817 447 2889 patrocimo
469 2816 679 2871 communimus.
703 2816 793 2871 Tener
814 2828 906 2873 autem
960 2823 1077 2882 quatuor
1087 2817 1221 2872 sextarios
1233 2817 1299 2883 riui,
1315 2829 1430 2887 quatuor
1444 2824 1543 2880 solidos
1553 2841 1603 2895 pro
1611 2834 1745 2900 coquina,

122 2910 272 2964 autbentici
294 2907 438 2962 memorati
452 2916 494 2962 est
506 2907 589 2961 talis:
617 2924 627 2957 ι
645 2905 674 2961 ln
687 2909 796 2961 nostine
820 2907 909 2964 Patris
961 2906 1001 2961 rel
1016 2909 1189 2976 aequivalens.
1215 2909 1374 2967 Oblationes
1389 2929 1483 2970 omues
1508 2926 1535 2971 et
1558 2920 1687 2976 benellcia
1700 2939 1748 2980 ca-

121 3013 150 3056 ct
167 3001 228 3055 Filii
244 3010 273 3055 et
299 3000 419 3069 Spiritus
438 2999 536 3052 sancti.
555 3000 652 3052 Arnon.
676 2999 732 3068 Ego
756 2998 833 3070 liupo
853 3001 908 3054 dux
959 2999 1036 3068 pellae
1050 3000 1127 3056 ducis
1138 3008 1167 3054 el
1181 3001 1305 3069 ducissae,
1323 3005 1476 3076 ubicunque
1494 3010 1559 3075 sint,
1585 3014 1655 3067 sicut
1674 3019 1747 3086 apud

123 3091 285 3163 burgundiae
301 3100 394 3145 rtotrrm
408 3104 470 3144 esse
483 3089 545 3142 rolo
557 3091 734 3158 presentibus
758 3100 786 3146 et
810 3091 943 3173 suturisc
962 3091 1116 3156 biviouem,
1130 3105 1162 3146 ex
1180 3093 1284 3163 integro
1302 3095 1421 3165 ipsorum
1442 3109 1533 3167 eruut;
1559 3117 1608 3159 uec
1627 3109 1732 3177 capella

121 3184 250 3251 quoniam
266 3180 460 3249 lerosolymam
475 3180 657 3249 proliciseens,
666 3194 722 3249 prae
732 3181 815 3235 nimia
826 3184 909 3237 maris
960 3198 1010 3237 nus
1023 3185 1100 3239 ducis
1114 3184 1155 3239 rel
1170 3186 1283 3241 ducissae
1299 3189 1325 3241 in
1341 3190 1381 3243 eis
1396 3192 1541 3261 quidquam
1568 3196 1676 3254 babebit
1692 3204 1744 3259 nisi

122 3274 278 3328 turbatione
299 3282 327 3327 et
350 3270 515 3326 imminentis
541 3270 653 3340 periculi
679 3273 830 3327 acerbitate
853 3282 907 3327 tam
955 3272 1213 3343 iurecanonicatus‚
1228 3287 1255 3332 et
1281 3294 1333 3333 nou
1346 3278 1407 3347 jure
1422 3283 1594 3355 capellarum
1610 3290 1744 3360 siquidem

119 3363 431 3435 eqoqnamomnesqni
450 3364 595 3419 ntecumin
620 3363 726 3433 naripio
749 3375 906 3435 erantqra-
958 3366 1139 3421 necduxnec
1169 3369 1277 3424 ducissa
1299 3372 1467 3441 capellanum
1495 3377 1603 3433 babebit
1633 3382 1745 3439 rrisido-

119 3456 191 3510 riter
218 3455 354 3524 perterriti
384 3454 494 3509 luiruus.
516 3454 667 3524 Eapropter
693 3465 785 3509 rorum
802 3454 906 3510 iaciens
957 3460 1175 3527 canuntcapellm
1193 3462 1235 3515 rel
1247 3461 1363 3533 aliquem
1380 3466 1413 3519 tle
1431 3470 1568 3525 canonicis
1587 3474 1684 3541 ipsius:
1696 3478 1743 3547 qui

117 3548 178 3602 beo
189 3544 302 3615 promisi
316 3560 358 3599 me
380 3555 598 3601 constructurum
620 3548 646 3601 in
674 3561 734 3601 mea
748 3558 824 3602 curte
836 3551 906 3617 apud
958 3550 1088 3607 videlicet
1105 3553 1224 3609 decanus
1244 3556 1417 3612 vicedomini
1444 3574 1519 3629 papae
1533 3577 1625 3618 curam
1645 3568 1743 3623 anirnae

117 3636 266 3692 birionem
285 3634 421 3689 ecclesiam
438 3636 465 3689 in
490 3636 621 3692 bonorem
642 3645 745 3691 sancire
765 3638 813 3693 liei
827 3640 907 3695 Geni·
957 3641 1034 3698 ducis
1048 3652 1075 3697 et
1088 3644 1186 3699 aninrae
1199 3646 1314 3702 ducissae
1330 3648 1410 3704 debet
1429 3653 1537 3715 lrabere.
1550 3656 1619 3709 sicut
1635 3656 1662 3711 in
1673 3674 1743 3727 prae.

117 3727 197 3782 tricis
218 3724 310 3781 llariae
327 3734 354 3781 et
383 3727 454 3782 beati
475 3724 589 3782 loannis
615 3731 799 3799 orarrgelistae.
826 3730 906 3788 Unde
956 3736 1025 3790 senti
1040 3737 1123 3792 babet
1135 3752 1229 3792 curam
1249 3740 1345 3795 aninnae
1357 3756 1423 3797 meae
1437 3743 1562 3804 Nicolnus
1587 3752 1743 3820 capellanus

117 3816 221 3875 laetum
235 3827 278 3874 est
292 3825 323 3873 ul
336 3818 362 3871 in
375 3816 464 3874 reditu
482 3832 542 3873 meo
565 3818 678 3875 Romam
697 3822 816 3888 ιιιιιιιιι,
832 3824 904 3892 quod
956 3842 1033 3883 meus
1048 3838 1074 3883 et
1089 3829 1209 3884 decanus
1222 3829 1349 3899 capellam
1376 3847 1456 3902 quarn
1469 3852 1563 3894 ιιιιιιιιι
1592 3842 1679 3910 ipsea
1695 3845 1745 3900 do-
1825 3824 1834 3839 '

117 3926 258 3975 corcram,
281 3925 331 3980 per
357 3925 467 3966 manum
488 3908 567 3965 bonae
590 3910 728 3966 memoriae
756 3912 902 3969 Alexandri
956 3916 1030 3971 mino
1043 3931 1112 3987 papa
1127 3917 1283 3975 Alexandro
1298 3923 1427 3992 suscepit.
1437 3924 1570 3991 Quoniam
1592 3930 1673 4001 igitur
1694 3946 1742 3991 ec-

118 4002 216 4057 ⁸⁸¹¹¹¹¹¹¹5
232 4003 369 4073 Ρθιῑῑιῑθῑὸ
381 4002 437 4056 000
446 3999 545 4066 obtuli,
569 4010 597 4054 0²
617 4001 764 4071 ³b⁰S¹⁰fi⁰⁸
787 4003 905 4058 auctori·
955 4007 1065 4063 elesiam
1082 4007 1160 4065 istam
1175 4010 1209 4063 ad
1221 4010 1350 4067 bonorem
1364 4012 1445 4070 lleiet
1456 4026 1575 4075 tutetnen
1590 4024 1741 4083 arrirnarum

119 4102 191 4161 tate,
215 4093 444 4163 quemadmodum
468 4093 496 4148 iu
524 4092 600 4164 (set)
626 4094 781 4150 autbentico
802 4095 905 4165 scripto
956 4098 1055 4154 ducunt
1071 4098 1231 4170 Brtrqundiae
1246 4111 1275 4159 ct
1290 4103 1324 4157 ad
1350 4104 1559 4164 illustrationem
1573 4114 1668 4171 doninus
1683 4116 1743 4173 illo·

118 4192 189 4255 quod
206 4186 242 4239 ab
256 4197 290 4238 eo
308 4183 452 4253 impetravi
477 4184 642 4249 continetur,
668 4184 825 4240 conbrmari
840 4184 901 4241 leci.
954 4202 1015 4242 rum
1032 4203 1084 4243 non
1100 4189 1192 4246 dubito
1207 4193 1353 4262 pertinere,
1376 4194 1461 4265 ipsam
1486 4206 1613 4270 tanquam
1625 4206 1741 4266 dircaeus

117 4275 185 4329 ῦιιιιι
205 4282 298 4328 autern
312 4272 401 4343 qratia
418 4272 465 4328 bei
482 4273 609 4338 redirem,
631 4275 787 4331 corrvocalis
808 4276 904 4331 amicis
953 4288 1034 4348 capnt
1052 4287 1080 4335 ct
1096 4282 1191 4337 turrim
1220 4283 1315 4340 salutis
1326 4285 1425 4341 dueum
1441 4290 1522 4359 cupio
1538 4294 1653 4364 eripere,
1666 4309 1744 4368 poto-

118 4366 229 4421 teciset
253 4364 346 4419 multis
371 4362 584 4429 ltonestisriris,
604 4364 696 4419 decem
719 4363 832 4420 elericos
853 4379 903 4435 pro
953 4378 1052 4425 statem
1081 4373 1178 4427 ducum
1206 4380 1311 4429 tanatum
1338 4378 1435 4433 exinde
1463 4395 1574 4452 sperans
1614 4389 1738 4457 ampliari

118 4457 239 4512 remedio
264 4456 362 4509 atrimae
381 4468 448 4508 ιιιιιι
461 4464 490 4509 ιι
514 4454 743 4523 praedecessorum
762 4469 903 4511 successo-
919 4468 1086 4527 pquanlum
1112 4463 1146 4516 ad
1174 4465 1303 4520 honorem
1338 4482 1417 4522 suum
1445 4456 1592 4529 retributor
1618 4484 1737 4538 omnium

118 4564 234 4621 rumque
250 4563 373 4603 meorum
390 4548 477 4604 salute
500 4550 555 4603 ileo
566 4548 593 4602 in
610 4558 768 4617 perpetuum
789 4550 904 4604 servitu·

117 4653 163 4693 ros
176 4639 249 4709 apud
269 4638 409 4693 ilirionem
437 4640 540 4694 institui
555 4640 683 4708 :quibus
707 4639 833 4695 laudante
847 4641 899 4694 Aa·

114 4729 170 4785 lide
183 4744 268 4785 uxore
281 4745 340 4785 ntea
355 4740 382 4786 et
409 4728 504 4787 Orione
515 4730 698 4802 primogenito
720 4746 791 4795 meo,
815 4730 842 4785 in
857 4746 903 4785 ea-

113 4822 177 4875 dem
191 4820 294 4876 villain
308 4823 432 4892 proprios
445 4837 511 4877 usus
537 4822 658 4899 redditus
671 4823 815 4892 assignari,
830 4824 903 4879 vide-

113 4910 180 4967 licet
190 4912 322 4983 quidquid
346 4912 477 4968 babebam
499 4913 534 4969 ιιι
555 4912 662 4978 rentls,
676 4920 702 4968 et
734 4914 902 4985 ostellagium

111 5002 187 5073 quod
212 5002 280 5057 mibi
307 5002 442 5058 debebant
473 5002 582 5074 panitici
604 5013 632 5059 et
657 5004 901 5060 calceamentorum

110 5101 329 5158 constructores,
340 5102 367 5149 et
378 5092 505 5164 placitum
521 5094 658 5165 generale.
674 5092 801 5150 concessi
817 5094 900 5150 ctiam

109 5184 347 5241 cusenderius
383 5192 415 5241 ut
448 5186 573 5241 eamdem
604 5185 723 5241 babeant
755 5186 825 5255 apud
855 5187 899 5243 bt-

108 5276 408 5345 vionemllibertatcm
438 5292 520 5347 quant
541 5277 644 5332 babent
675 5276 795 5333 ιιιιιιιιι
824 5279 901 5347 prin·

107 5368 225 5438 ripales,
243 5368 348 5425 scilieet
370 5370 431 5423 duae
456 5370 558 5439 quaein
588 5383 620 5424 ca
645 5377 718 5432 ιιιιιι,
741 5378 769 5422 ιι
790 5369 900 5424 milites.

106 5459 247 5529 Quonia-
262 5469 354 5515 autem
367 5460 482 5515 eeclesia
495 5461 547 5517 ista
569 5460 723 5529 specialiter
736 5477 794 5515 rnen
815 5469 856 5516 ιιι
872 5466 900 5514 ιι

107 5551 279 5619 praecipuum
299 5549 480 5605 tribulationis
503 5564 571 5605 mea
595 5549 728 5620 relupium
748 5561 778 5607 ιι
802 5551 901 5605 oldatio

146 5660 225 5729 (ιιι)
245 5661 312 5718 lide
326 5661 375 5717 lib.
389 5676 436 5728 rr,
451 5662 534 5730 epist.
547 5660 608 5727 los,
622 5660 687 5716 tlltl.

145 5731 223 5803 βιὸ)
243 5730 312 5787 lide
323 5746 381 5803 eap.
393 5730 458 5786 Cam
468 5731 594 5801 capelle,
602 5732 638 5787 lle
649 5733 739 5804 punit

955 4541 1088 4599 bonorum
1116 4560 1175 4599 eum
1200 4548 1234 4604 ab
1265 4550 1330 4619 ipsis
1359 4552 1472 4609 ducibus
1509 4558 1606 4616 viderit
1636 4562 1738 4635 largius

953 4634 1078 4689 exaltari.
1095 4634 1172 4692 Unde
1186 4640 1298 4707 provide
1309 4652 1400 4697 statuo
1413 4654 1440 4698 et
1452 4648 1603 4713 posteritati
1630 4667 1696 4707 mere
1709 4654 1738 4709 in

953 4724 1068 4781 salutem
1081 4741 1157 4781 suam
1174 4729 1272 4785 ruando
1289 4738 1320 4785 ut
1334 4746 1414 4801 quam
1428 4734 1482 4789 cito
1509 4738 1569 4805 quis
1586 4738 1734 4798 dominium

954 4818 1067 4873 ducatus
1080 4822 1239 4890 susceperit,
1259 4823 1350 4877 statim
1382 4834 1509 4894 tanquam
1536 4829 1599 4885 lolix
1623 4848 1736 4902 operum

954 4922 1066 4963 suorum
1081 4910 1276 4966 strunirnentum
1297 4914 1375 4969 adeat
1394 4918 1537 4973 eeclesiam
1560 4935 1647 4987 ιιιιιιιι,
1670 4939 1734 4983 con-

952 5001 1066 5056 sortium
1091 5002 1231 5071 spirituale
1260 5004 1453 5061 canonicorum
1479 5024 1589 5066 suorum
1613 5016 1736 5085 recipiat,

953 5090 1110 5147 lidelilatem
1130 5091 1154 5145 ei
1171 5100 1197 5148 et
1214 5101 1313 5149 statuta
1327 5098 1467 5166 praesentis
1482 5100 1575 5170 scripti
1603 5117 1633 5157 se
1646 5118 1739 5159 serva-

952 5193 1044 5239 turum
1056 5184 1139 5253 iuret,
1153 5184 1274 5253 singulos
1289 5188 1434 5243 carronicos
1446 5189 1473 5243 in
1487 5191 1592 5261 siguum
1609 5192 1738 5250 fraterni·

954 5276 1016 5331 latis
1029 5276 1055 5329 in
1075 5276 1169 5333 osculo
1183 5286 1277 5333 saucio
1291 5278 1415 5349 recipiat,
1439 5290 1491 5335 tam
1514 5282 1574 5339 illos
1599 5301 1679 5354 quom
1694 5302 1739 5343 res

953 5368 1062 5423 illorum
1078 5370 1105 5423 in
1120 5370 1237 5437 speciale
1253 5378 1372 5426 trrtcrmen
1387 5372 1561 5443 amplectens.
1579 5375 1635 5432 {loe
1647 5381 1734 5448 ipsum

951 5458 1059 5513 ducissa
1089 5474 1196 5531 quoque
1211 5462 1237 5516 in
1262 5462 1339 5518 initio
1358 5464 1534 5531 promotionis
1558 5483 1624 5534 suae,
1653 5486 1734 5539 qinom

951 5546 1005 5603 cito
1017 5547 1099 5605 luerit
1117 5549 1233 5614 Dirioui,
1256 5550 1352 5617 laciat;
1368 5560 1397 5606 ut
1410 5568 1426 5607 a
1440 5564 1534 5609 salicto
1547 5564 1576 5613 st
1588 5558 1632 5625 pio
1653 5572 1732 5629 opert

986 5658 1062 5728 (stt)
1082 5658 1175 5715 linstat
1189 5657 1259 5730 apud
1283 5659 1404 5719 llirenm
1427 5664 1453 5721 in
1470 5662 1571 5722 Notitia
1592 5666 1733 5728 ccclesiae..

950 5728 1046 5801 bctqsr,
1061 5742 1121 5801 pag.
1137 5730 1198 5787 tae.
1300 5790 1304 5803 ,
