4109 6325
191 336 244 406 1119
649 338 898 407 romitrtcartts
917 341 1010 403 aurio
1028 342 1101 412 xit,
1121 345 1257 403 cttltlstt
1278 347 1358 405 lats.
1766 362 1818 419 alt

188 447 338 519 pendentes
350 446 401 503 sibl
427 451 568 507 consilium
588 460 615 509 et
629 452 761 520 intorem,
778 453 886 511 iacietis
900 456 925 512 ei
945 456 978 513 de
992 462 1016 521 Α
1032 472 1098 513 reru
1110 458 1191 528 mala,
1202 472 1363 531 perpetuam
1382 471 1409 521 te
1422 466 1582 535 pertrahent
1594 470 1628 525 ad
1653 473 1816 546 gehennam,

188 538 273 609 ipsios
286 539 574 610 monasteriijustitiis
586 542 621 599 ab
634 544 692 616 ejus
707 544 831 602 ildeiibus
849 547 976 603 etsuhdi·
1028 550 1068 605 toi
1093 550 1202 608 taudem
1236 554 1352 625 incipias
1374 557 1510 626 misereri,
1524 569 1553 615 el
1578 562 1736 623 satisfacere
1760 582 1819 627 stu·

187 629 223 685 tis
238 630 360 699 plenarie
372 633 550 703 responderi;
567 636 797 704 contradictores,
817 637 839 692 si
858 638 902 709 qui
916 637 974 695 itte·
1028 641 1095 697 dens
1122 641 1234 700 Pontion
1257 646 1290 701 de
1314 649 1482 716 commissis,
1507 650 1542 707 ab
1565 653 1814 719 ecclesiasticorum

187 718 253 783 rint,
265 719 307 775 vei
320 720 433 778 rebelles
444 736 647 793 percensuram
663 724 874 783 ecclesiasticam
887 728 976 798 appel·
1027 733 1150 789 uirorum
1176 744 1204 790 et
1227 736 1384 805 specialiter
1412 740 1548 799 dictorum
1568 744 1816 809 camaldulensium

185 812 286 868 latione
304 814 452 884 postposita
463 819 672 888 compescendo.
685 818 762 885 Quod
773 818 856 877 sinon
869 834 973 887 omnes,
1026 823 1215 881 molestatione
1225 825 1259 881 de
1270 834 1367 884 caetero
1382 832 1567 903 eonqttiescas,
1580 851 1616 892 ue
1629 837 1702 896 lorte
1713 857 1818 913 praeoc-

185 913 252 971 etc,
275 914 314 971 tu,
341 905 426 961 irater
446 908 584 979 episcope,
614 918 668 967 etc.
688 908 728 967 'iu
744 910 868 982 denique,
890 911 975 967 irater
1026 924 1142 983 capatus
1155 918 1245 980 subito
1258 921 1598 993 tiemonispoenttenttae
1612 933 1728 1001 spatium
1742 951 1818 1007 goce-

184 993 321 1063 episcope,
335 1009 418 1065 super
431 998 528 1067 teipso,
544 1008 590 1054 etc
1026 1020 1082 1074 ras,
1096 1024 1146 1064 noc
1157 1012 1249 1069 valeas
1260 1013 1393 1071 invenire.
1407 1016 1546 1087 attoqetn,
1560 1034 1621 1077 curn
1641 1038 1719 1096 pater
1730 1030 1816 1086 tilium

220 1082 327 1148 ilatum,
341 1092 370 1135 at
381 1098 474 1154 supra.
1026 1111 1108 1167 qoem
1125 1099 1214 1171 diligit
1224 1106 1342 1176 corrigat
1355 1116 1383 1162 ct
1395 1109 1519 1181 castiget,
1532 1129 1582 1171 nos
1605 1119 1763 1186 specialiter
1780 1123 1817 1178 ob

531 1174 623 1231 cxiv,
691 1214 696 1221 .
1027 1180 1142 1237 saltatum
1157 1192 1246 1252 tuam,
1259 1203 1343 1257 quam
1357 1192 1540 1252 sollicitudine
1556 1209 1669 1268 paterna
1683 1205 1815 1268 ueiatntrr.

184 1277 273 1321 nouum
288 1280 352 1321 rtao
369 1281 463 1323 unstrut
478 1264 552 1337 (1511)
571 1282 697 1335 coronat,
717 1284 843 1327 srrnrrua
858 1287 972 1329 consumi
1024 1273 1225 1331 venerabilibus
1237 1276 1369 1336 iratribus
1383 1284 1485 1340 uostris
1497 1289 1701 1362 arcltiepiscopo
1715 1295 1816 1350 Pisano

515 1372 642 1415 sauroms.
864 1428 868 1437 ι
1024 1371 1051 1416 et
1068 1363 1195 1436 episcopo
1206 1364 1363 1425 Florentino
1373 1379 1401 1427 et
1415 1373 1513 1432 dilecto
1533 1377 1589 1435 hlio
1602 1381 1689 1438 electo
1702 1386 1816 1443 aretino

282 1446 716 1519 iitaCamaidnlcnsiamiup'ariir
731 1450 872 1506 abstineat.
1024 1455 1125 1510 nostris
1153 1456 1250 1514 damus
1274 1458 1372 1518 litteris
1394 1464 1421 1519 in
1449 1466 1587 1524 mandatis
1600 1480 1630 1525 ιι
1656 1480 1711 1527 tatu
1734 1491 1816 1545 super

376 1536 499 1610 (Signiae,
513 1554 552 1596 ru
569 1538 628 1597 ilai.
641 1539 787 1612 Octobris.)
1028 1546 1160 1614 prestera
1172 1548 1216 1604 ria
1243 1565 1326 1620 quam
1349 1553 1411 1609 aliis
1426 1564 1452 1611 tc
1471 1558 1505 1613 ab
1528 1564 1686 1621 eorumdem
1709 1566 1817 1623 Camal-

217 1625 366 1699 (ldeCum
375 1636 449 1683 tuum
461 1628 488 1683 in
499 1630 590 1685 multis
604 1630 748 1689 offenderis
760 1634 969 1704 redemptorem,
1027 1635 1182 1693 dolensium
1199 1641 1342 1699 roratione
1356 1658 1465 1701 cessare
1472 1664 1521 1719 per
1531 1666 1675 1710 censuram
1688 1658 1817 1713 ccclesia.

181 1730 211 1777 et
223 1721 347 1777 traditam
360 1722 407 1778 tihi
418 1730 578 1792 potestatem
594 1723 702 1793 abipso
719 1725 858 1781 multoties
875 1738 969 1784 contra
1023 1728 1133 1797 sticum,
1143 1730 1327 1801 appellatione
1337 1747 1451 1805 remota,
1460 1742 1560 1810 praevia
1575 1746 1683 1802 ratione
1693 1748 1816 1819 compcl-

183 1826 247 1867 eom
263 1814 469 1883 praesumpseris
480 1814 744 1883 exercere„deberes
757 1806 852 1873 saltem
865 1816 892 1873 iu
907 1818 970 1874 rite
985 1797 1007 1853 Β
1021 1815 1087 1876 iant.

181 1917 296 1973 uespera
308 1903 471 1961 constitutus
484 1912 537 1961 tuae
550 1904 650 1961 delicta
663 1907 967 1980 corrigercjurentutis,
1056 1911 1153 1969 ilatum
1162 1912 1271 1985 Signiae,
1282 1931 1320 1972 ιιι
1332 1916 1394 1973 ilai.
1404 1918 1549 1989 Octobris,
1565 1930 1741 1996 pontiilcatus
1765 1950 1814 1992 no·

181 2004 210 2051 et
234 1996 341 2052 bomini
364 1996 460 2054 iacicm
483 1997 512 2053 in
534 1997 704 2055 coniessione
731 1999 787 2055 oris
809 2009 837 2055 et
861 2001 970 2057 eatisia·
1020 2002 1155 2060 strianno
1169 2013 1247 2062 sexto
1265 2008 1383 2065 deciano.

181 2087 271 2143 ctione
291 2088 382 2157 operis
406 2088 495 2145 taliter
512 2091 661 2159 prevenire
676 2098 705 2145 ιι
727 2090 754 2146 in
772 2093 905 2148 tremendi
921 2108 969 2149 ne·
1055 2091 1115 2147 iiiia
1139 2096 1266 2167 seriptum
1293 2106 1331 2152 cat
1356 2115 1434 2167 saper
1447 2103 1506 2171 iroe,
1528 2108 1611 2161 uerita
1642 2121 1815 2183 conpetenter

182 2178 310 2232 cessitate
322 2176 429 2246 judicii,
443 2178 478 2233 ab
492 2177 560 2247 ipso,
575 2178 621 2248 qui
634 2179 728 2235 reddet
742 2178 855 2251 singuiis
870 2194 968 2239 sccun—
1019 2184 1137 2239 materie.

183 2266 247 2323 dom
262 2269 418 2339 opera'sua,
433 2283 528 2339 posses
549 2269 722 2341 indulgentie
735 2272 853 2342 ’gratiam
865 2274 967 2345 {etspe-
1371 2282 1451 2341 cxi.

181 2365 267 2415 ctare.
281 2358 321 2413 'iu
336 2374 411 2427 vero,
424 2360 496 2429 quod
509 2359 631 2417 dolentes
644 2360 800 2428 referimus,
817 2364 934 2419 necdum
949 2380 965 2420 a
1141 2380 1267 2425 srtscoro
1278 2384 1314 2425 ιιι
1326 2386 1459 2430 ιιιιιιιι
1473 2390 1686 2439 cauorceusraus.

180 2453 224 2505 via
238 2450 307 2505 mala
322 2450 433 2507 cohibes
444 2452 526 2521 pedes
545 2460 614 2518 tuos,
631 2452 679 2507 sed
695 2452 773 2522 quast
793 2456 909 2525 propriae
923 2470 969 2511 sa·
1141 2454 1288 2526 donimani
1300 2464 1444 2531 qnamdam
1459 2473 1684 2538 compositionem.

178 2542 242 2597 lotis
253 2556 347 2597 euram
363 2555 395 2598 ae
406 2541 489 2598 diuini
502 2543 627 2613 :nominis
649 2543 776 2600 timorem
792 2546 924 2618 abjeceris
939 2557 967 2603 et
1212 2549 1334 2623 (Signia,
1360 2553 1452 2611 clini.
1467 2557 1616 2633 Octobris.)

179 2644 309 2697 amorem,
330 2639 482 2702 contempta
500 2632 547 2688 iiei
565 2632 718 2701 patientia,
738 2648 813 2704 quar,
835 2646 965 2707 qnantum
1052 2634 1120 2691 Corn
1137 2650 1153 2691 a
1170 2638 1249 2695 nobis
1261 2641 1365 2710 petitur
1380 2644 1452 2713 quod
1462 2642 1566 2714 justam
1580 2661 1633 2718 est,
1646 2670 1728 2723 usquc
1747 2672 1812 2727 per.

178 2720 205 2775 in
237 2720 295 2791 ipsa
311 2728 370 2789 est,
397 2722 639 2792 adptenitentiam
669 2732 696 2780 tc
720 2726 849 2793 adducit,
874 2726 966 2783 conin-
1017 2720 1134 2777 ducatur
1145 2724 1282 2783 ellectum·
1294 2726 1368 2785 Sane
1380 2731 1472 2788 oblata
1483 2736 1564 2793 nobis
1576 2752 1610 2793 ex
1627 2750 1705 2809 parte
1720 2755 1812 2803 restra

177 2812 281 2869 sionem
307 2813 356 2870 tibi
391 2814 561 2871 thesaurizas
589 2826 618 2872 et
645 2818 730 2881 iram,
756 2816 896 2888 religiosos
922 2819 964 2875 ri·
1016 2811 1114 2879 petitio
1133 2817 1377 2889 continebatqnud
1399 2837 1581 2882 cunicausam
1597 2844 1658 2899 que
1680 2832 1813 2893 internus

176 2916 240 2969 ros,
258 2916 374 2973 quorum
396 2904 576 2975 patrocinium
591 2904 639 2962 tibi
655 2905 768 2961 deberes
784 2906 923 2963 berrehciis
937 2916 966 2962 et
1015 2918 1050 2958 cx
1065 2914 1143 2974 parte
1158 2922 1211 2963 rana
1225 2915 1253 2963 ct
1265 2910 1363 2967 iratres
1386 2914 1483 2972 domus
1494 2917 1733 2994 hierosolymitani
1761 2930 1813 2986 ho·

175 2992 314 3062 obsequiis
326 3008 499 3065 comparare,
520 3006 549 3051 ot
563 2997 634 3069 apud
654 2996 797 3053 hominum
817 2996 964 3068 allegarent
1015 2992 1122 3063 spitalis
1140 2997 1174 3051 dc
1195 2997 1318 3056 Phitalea
1341 3015 1375 3057 ex
1390 3004 1488 3075 altera,
1504 3023 1586 3079 snper
1608 3025 1700 3072 castro
1714 3017 1812 3075 Gurdi-

174 3083 301 3151 precibus
326 3096 436 3139 cansam
450 3094 534 3151 tuum,
551 3085 577 3139 in
601 3094 653 3141 tua·
668 3085 746 3140 tama
760 3100 791 3141 ae
813 3087 908 3141 salutis
922 3088 961 3143 di·
979 3120 1001 3184 c
1017 3086 1102 3150 censi,
1118 3089 1254 3147 casalibus
1267 3096 1389 3151 etrebus
1402 3098 1464 3154 aliis
1484 3102 1652 3174 uertehaan,
1667 3114 1811 3170 venerabi.

174 3173 317 3243 spendittm
342 3174 502 3247 dilligendo.
517 3177 587 3232 Ecce
608 3176 693 3242 enim,
721 3177 791 3233 sicut
818 3171 965 3232 multorom
1016 3176 1089 3233 libus
1107 3178 1239 3238 iratribus
1264 3188 1366 3245 nostris
1392 3189 1628 3252 Thessaloniccusi
1649 3207 1678 3253 et
1703 3201 1811 3276 Philip·

175 3264 305 3322 relatione
318 3252 473 3336 didicimus,
496 3268 594 3326 iratres
606 3267 838 3338 camaldulenses,
854 3270 899 3340 qni
914 3284 965 3326 ιι)-
1016 3267 1094 3337 pcnsi
1111 3271 1326 3349 archiepiscopis
1340 3287 1369 3334 et
1383 3281 1512 3354 episcopo
1526 3283 1684 3345 sidoniensi
1698 3293 1812 3351 duxeri·

177 3356 857 3424 caiisanitatibusabdicatis,mortihcaruntcum
888 3360 963 3415 uitiis
1016 3373 1077 3415 mus
1117 3366 1341 3438 commitendam,
1377 3373 1487 3430 tandem
1521 3377 1659 3436 mediante
1692 3386 1808 3455 praelate

175 3455 204 3502 et
226 3448 453 3520 concupiscentiis
481 3451 604 3507 membra
617 3464 678 3517 sua,
697 3449 887 3520 crucifigentes
913 3451 965 3507 sibi
1015 3451 1220 3526 archiepiscopo
1238 3457 1414 3530 Philippensi,
1427 3463 1472 3519 cni
1498 3465 1586 3522 ricem
1607 3483 1686 3527 suam
1714 3489 1810 3545 sopra·

179 3539 309 3592 mundum
333 3553 395 3594 cunr
410 3539 540 3610 hpostolo
554 3548 581 3596 ct
606 3553 635 3596 se
646 3540 756 3609 mundo,
780 3539 965 3610 multipliciter
1015 3541 1080 3598 dicti
1095 3546 1251 3618 conjudices
1261 3553 1314 3618 sui,
1326 3555 1373 3624 qui
1386 3557 1495 3625 negotio
1516 3559 1648 3620 iuteresse
1661 3581 1715 3623 non
1730 3579 1809 3638 pote·

174 3629 329 3702 opprimens
343 3640 371 3688 ct
383 3629 516 3704 aiiiigens,
532 3646 619 3704 nuper
636 3630 724 3688 iecisti
736 3633 814 3704 Juxta
842 3635 964 3704 ipsorum
1015 3641 1089 3700 rant,
1113 3637 1319 3697 commiserunt.
1334 3642 1405 3698 inter
1420 3660 1468 3702 ros
1480 3654 1508 3702 et
1525 3650 1669 3718 pradictus
1682 3654 1809 3726 llaspita·

173 3737 295 3779 eremum
310 3723 549 3794 qrtamdamriatu,
570 3738 715 3795 perquam
736 3739 792 3780 non
816 3725 903 3780 solum
919 3740 959 3780 ara
1015 3723 1098 3782 iarios
1115 3729 1243 3800 utrinqne
1257 3736 1378 3804 prestito
1387 3736 1545 3808 juramento
1567 3745 1719 3802 amicabilis
1732 3763 1809 3806 cum.

173 3823 272 3882 tuatos,
287 3819 334 3874 sed
365 3817 448 3873 etiam
467 3818 613 3875 histriones
639 3831 700 3873 curu
730 3817 898 3874 mulierculis
924 3817 964 3874 ire
1015 3819 1116 3888 positio
1126 3821 1286 3893 intervenit,
1299 3842 1382 3898 quam
1398 3844 1448 3886 ros
1464 3839 1563 3903 etpars
1582 3834 1669 3892 altera
1685 3855 1734 3909 per
1745 3855 1809 3911 pre.

174 3906 251 3974 iacis,
263 3924 326 3966 curu
343 3925 468 3968 accessus
480 3911 658 3968 terminorum
672 3926 781 3968 snorum
805 3913 965 3968 mulieribus
1014 3909 1090 3979 prias
1101 3911 1206 3972 litteras
1216 3919 1376 3987 postulastis
1387 3922 1536 3992 apostolico
1558 3928 1710 3985 munimine
1726 3934 1809 3990 robe·

172 4000 329 4072 abantiquo
346 4002 427 4058 ioerit
453 4002 623 4058 interdictus.
651 4002 746 4074 Nuper
758 4017 866 4074 quoque
882 4018 963 4075 quos-
1015 4000 1082 4055 rati·
1102 4001 1256 4076 Eapropicr
1267 4009 1364 4066 restris
1376 4009 1459 4080 iustis
1475 4014 1706 4084 postulationibus
1728 4031 1807 4092 grate

173 4091 234 4146 dam
263 4091 347 4149 hores
371 4093 490 4166 ipsorum
515 4092 617 4150 eisdem
646 4091 735 4150 iecisti
758 4093 892 4150 violenter
915 4109 963 4149 au·
1014 4105 1212 4153 concurrentes
1225 4111 1351 4169 assensu,
1374 4103 1599 4174 compositionem
1622 4104 1808 4180 ipsam,sicut

171 4181 251 4254 ferri,
266 4200 317 4243 nee
329 4201 387 4256 eos,
398 4187 509 4246 doneca
523 4188 685 4259 quibusdam
708 4185 849 4245 conuersis
868 4199 963 4242 eorum
1014 4182 1075 4241 elne
1087 4188 1221 4255 pueritate
1234 4191 1347 4261 provide
1360 4192 1432 4248 iacta
1448 4203 1500 4262 est,
1511 4203 1540 4251 et
1551 4196 1586 4252 ab
1600 4207 1716 4269 utraque
1728 4213 1807 4272 parte

171 4278 318 4346 qtramdam
333 4281 511 4351 quantitatem
528 4282 599 4339 bladi
610 4281 737 4354 recepisti
753 4297 802 4354 pro
819 4282 883 4351 iliis,
903 4272 965 4339 red·
1014 4283 1593 4353 81011οΜ1111,θῑῘῑΙΓῧωθῦῑθίίῐῐΜῑθ,
1617 4297 1648 4344 ili
1660 4290 1689 4345 ill
1706 4291 1806 4349 litteris

171 4369 236 4426 (tem
246 4359 422 4440 voluissem
432 4381 460 4430 et
471 4373 627 4448 211ququss
640 4389 735 4436 gotum
750 4375 867 4446 quietem
879 4383 963 4445 pet-10
1015 4366 1079 4424 inde
1092 4370 1225 4427 coniectis
1237 4374 1387 4444 sopradicti
1403 4375 1601 4451 archicpiscopi
1623 4379 1806 4454 Philippensis

171 4475 205 4518 ac
224 4465 364 4521 tuosadeo
376 4466 531 4536 inquietans
550 4477 591 4535 ut,
610 4468 662 4524 nisi
677 4467 758 4524 aliter
785 4469 995 4539 prouideattrrii
1013 4459 1104 4530 siiii¹¹⁰
1126 4462 1250 4531 mimmii
1272 4479 1388 4535 quarum
1411 4476 1535 4524 ietibilim
1548 4471 1584 4527 de
1597 4475 1680 4530 verbo
1694 4476 1729 4532 ad
1743 4491 1805 4532 ret·

170 4551 285 4623 eisdem,
310 4556 469 4613 saiordinis
490 4556 614 4613 instituta
639 4567 773 4628 nequeant
801 4558 956 4618 observare.
1011 4552 1077 4608 bum
1093 4557 1412 4630 Piaeieniibissj⁰⁸⁸imli⁸
1428 4561 1529 4618 litteris
1540 4564 1674 4632 adnotari,
1697 4568 1804 4639 Plenius

171 4643 297 4703 volentes
312 4647 395 4718 igitur
412 4657 543 4705 eteorum
557 4649 748 4719 tranquillitati
769 4659 797 4707 ct
813 4658 865 4706 tuse
878 4653 957 4709 saluti
1010 4644 1179 4713 willihelm,
1205 4650 1367 4706 ssuciiiiiiii
1388 4652 1536 4722 ⁸P⁰⁵¹⁰¹i⁰²
1559 4655 1753 4714 ⁰⁰¹¹ssi¹¹i²iill¹⁸
1774 4669 1804 4717 el

168 4736 273 4806 pariter
310 4739 462 4810 previdere,
487 4739 656 4796 nobilitatem
692 4747 766 4796 tuam
797 4756 958 4815 monemus,
1013 4738 1156 4802 Pmisenus
1190 4739 1283 4810 scripti
1310 4741 1461 4812 Piii⁰⁰f⁰³⁰
1480 4745 1690 4805 emmunim-⁸·
1714 4747 1805 4806 Tenos·
1840 4769 1847 4814 t

168 4841 298 4899 rogamus
320 4838 349 4885 et
371 4830 587 4886 eulrortamurin
617 4829 741 4897 Domino,
766 4831 793 4886 in
818 4832 957 4889 remissio·
1010 4834 1101 4882 eliciti
1137 4829 1290 4886 lilieitiilld
1332 4832 1455 4902 ipsarum
1489 4833 1549 4890 iilis
1580 4836 1675 4893 existit
1704 4838 1801 4914 (157).

168 4932 232 4974 netu
248 4918 295 4974 tibi
309 4920 497 4989 peccaminum
521 4917 691 4992 injungentes
704 4928 850 4990 quatenus,
866 4921 956 4978 itteri-
1013 4917 1197 4976 ‹Gniiielmus
1211 4922 1258 4977 liei
1273 4923 1369 4992 gratia·
1381 4923 1562 4996 Philippensis
1580 4929 1802 5004 archiepiscopus

169 5017 253 5066 tatem
267 5013 443 5068 considerans
455 5011 517 5068 rittc
530 5020 592 5078 tuac,
618 5027 678 5083 quse
693 5028 754 5068 cum
767 5011 824 5082 J'am
842 5013 956 5070 senilem
1010 5016 1146 5072 uniuersis
1156 5015 1258 5072 Christi
1274 5018 1398 5077 ildciibos
1411 5022 1445 5076 ad
1458 5035 1527 5094 quos
1538 5039 1659 5094 praesens
1670 5029 1802 5098 scriptum

168 5102 511 5176 perueneritadactatem,
538 5111 717 5160 omneautem
738 5105 810 5174 quod
834 5105 958 5177 antiqua·
1010 5107 1153 5162 adrenerit
1180 5107 1295 5163 salutem
1315 5109 1342 5164 in
1366 5113 1561 5170 cerosalotari.
1593 5115 1663 5171 Cum
1690 5131 1801 5174 musam

169 5201 213 5248 tur
226 5202 255 5248 et
264 5194 382 5249 senescit
396 5209 480 5265 prope
500 5194 637 5250 interitum
658 5207 718 5249 esse
733 5203 847 5261 constet,
864 5196 958 5263 procui
1011 5197 1083 5252 inter
1096 5198 1278 5255 uenerabilem
1300 5199 1411 5260 tratrem
1433 5213 1557 5262 nostrum
1572 5206 1800 5266 bartholomeum

167 5283 252 5340 dubio
266 5283 343 5356 longa
359 5299 487 5343 essenon
507 5293 607 5355 potest,
621 5285 757 5353 recogites
779 5287 805 5340 in
829 5289 958 5342 amaritu-
1009 5289 1200 5348 Cartlicenscm
1212 5292 1368 5365 episcopum
1383 5304 1411 5350 et
1431 5295 1530 5355 iratres
1542 5298 1688 5370 liospitalis
1706 5300 1800 5357 Sancti

166 5376 231 5430 dine
245 5389 329 5432 annos
344 5385 414 5442 tuos,
433 5387 460 5433 et
472 5376 693 5447 attendensquoti
703 5391 736 5432 ex
749 5377 883 5434 rrniversis
897 5395 958 5450 quse
1010 5381 1124 5440 teanats
1138 5384 1376 5458 hierosolymitani
1400 5397 1548 5447 redeuutem
1564 5393 1643 5449 nobie
1667 5402 1698 5448 et
1720 5407 1801 5451 rene·

167 5465 270 5522 habere
282 5467 386 5524 rideris
398 5468 455 5525 soia
473 5477 517 5523 tua
530 5483 613 5538 opera
631 5477 656 5522 te
676 5478 911 5540 concentumque
934 5472 957 5527 si
1011 5475 1142 5532 rabilibus
1157 5477 1287 5535 iratribus
1309 5479 1410 5538 nostris
1435 5483 1638 5556 archiepiscopo
1654 5484 1800 5542 Thessalo·

166 5555 240 5611 bona
267 5555 378 5628 luerint,
402 5560 436 5616 ad
455 5570 555 5617 aterna
577 5563 674 5633 gaudia
702 5571 728 5618 te
752 5565 902 5632 perducent
914 5580 922 5631 ;
935 5563 957 5620 si
1011 5567 1115 5624 nicensi
1132 5578 1161 5626 ct
1179 5569 1335 5628 sidoniensi
1345 5575 1472 5644 episcopo
1485 5589 1554 5645 papa
1565 5576 1757 5644 commisisset,
1770 5583 1799 5632 et

218 5665 280 5738 155)
300 5668 516 5754 Casertatnensi.¹
582 5743 588 5758 ,
1048 5679 1124 5805 (117)
1140 5679 1266 5764 111ι1ι1111ι.
1284 5699 1314 5747 ιι,
1329 5683 1410 5766 epist.
1423 5683 1485 5750 i5i,
1499 5683 1546 5742 lib.
1560 5701 1621 5756 srrr,
1633 5686 1715 5759 episi.
1734 5684 1796 5754 iili,

219 5737 282 5807 titt)
303 5737 369 5796 iude
383 5742 429 5798 hh.
447 5741 553 5799 ιι11ιι1.
568 5743 721 5822 itamaidui²
736 5761 797 5817 pag.
813 5746 874 5804 idi.
1011 5751 1073 5820 tib,
1081 5751 1101 5806 .1
1124 5751 1182 5807 iiet
1197 5752 1243 5808 hb.
1265 5769 1310 5821 ιιι,
1325 5763 1405 5826 cptst.
1418 5754 1465 5823 dii,
1478 5753 1524 5823 ii,
1543 5755 1590 5812 8⁰.
