4109 6325
258 259 329 320 itti
661 258 833 316 serenent
851 256 898 313 ln
919 253 1155 312 REGESTORUM
1175 252 1323 312 intonas
1342 251 1474 311 lineos.
1815 258 1888 314 itae

257 394 306 434 tos
324 377 375 448 ipsl
389 378 422 432 de
436 382 534 430 cetero
547 371 748 442 deprehendere
763 370 885 434 ualeatis,
901 383 949 424 eas
967 366 1046 422 robis
1059 367 1083 424 Α
1097 362 1263 418 continentia
1279 378 1360 433 qrrarn
1372 363 1398 417 in
1411 360 1557 438 dictamine
1571 362 1717 420 nrarrilene
1735 364 1888 436 depreben-

178 519 183 526 .
257 467 436 539 presentibus
457 463 553 518 litteris
576 462 703 516 durirnus
727 460 928 530 exprimendus.
953 457 1043 514 Prima
1095 457 1362 524 dimnslalsitatem,
1387 456 1458 512 acin
1481 455 1533 512 bne
1560 470 1654 511 snmus
1669 470 1723 512 non
1750 459 1886 515 modicam

257 558 362 628 speeies
373 555 497 609 lalsitatis
508 553 566 608 haee
576 562 627 619 est,
641 561 669 606 ut
681 551 747 604 laisa
759 550 831 606 bnlla
847 549 944 605 litteris
958 563 1043 618 appo-
1095 549 1222 605 admirati
1236 549 1308 619 qnod
1323 557 1351 604 tu
1376 547 1443 602 tales
1458 547 1563 602 litteras
1584 561 1600 601 a
1625 547 1706 604 nobis
1731 551 1888 607 credideras

257 648 351 716 natur,
371 645 502 710 secunda,
515 652 545 698 nt
560 643 633 697 biorn
657 642 691 696 de
714 655 779 696 vera
792 639 863 695 bulla
886 640 1046 694 extraltatnr
1095 653 1247 708 emanasse,
1262 655 1322 695 eum
1338 639 1488 709 pracsertim
1501 639 1573 694 seire
1588 638 1688 696 debeas
1703 642 1796 697 sedem
1820 659 1888 713 apn-

257 755 292 798 ex
306 747 371 803 toto,
392 745 420 792 et
434 750 483 806 per
497 735 570 791 aliud
595 735 668 788 dirim
685 733 835 788 immissum
859 732 934 788 lalsis
948 731 1045 786 litteris
1095 730 1220 786 stolieam
1238 730 1264 784 ln
1278 730 1335 783 suis
1347 727 1445 806 litteris
1456 731 1682 784 consuetudinem
1697 731 1769 788 irone
1795 742 1888 790 tenere

258 829 409 891 inseratur;
428 825 516 887 tertia,
531 833 560 878 nt
573 825 647 879 iilum
661 824 695 879 ab
706 837 738 878 ea
750 830 828 895 parte
840 824 867 878 in
883 835 934 891 qna
947 824 1044 878 cbarta
1096 829 1127 874 nt
1141 820 1282 875 universos
1297 818 1477 888 patriarchas,
1490 820 1710 890 arelalepiseopos
1734 831 1762 876 et
1783 824 1888 896 episco-

256 921 372 990 plieatur
385 917 497 973 incisum
511 931 574 971 cnm
585 929 650 971 sera
661 914 735 971 bulla
747 913 822 970 salsis
832 914 931 970 litteris
944 915 1047 968 irrtmit·
1096 924 1146 981 pos
1169 909 1282 974 iratres,
1302 914 1417 963 caeteros
1441 911 1622 974 sturemare
1652 924 1730 981 reges
1749 913 1805 968 sint
1831 915 1889 970 sire

257 1017 331 1064 tator
343 1008 393 1064 sub
411 1008 505 1063 eadem
522 1006 654 1075 plicatura
678 1021 739 1061 eum
755 1005 799 1060 blo
812 1005 911 1061 similis
934 1006 1046 1074 canapis
1096 1001 1247 1071 principes,
1264 1001 1304 1056 rel
1328 1000 1396 1056 alios
1415 1000 1540 1056 bomlnes
1567 1000 1757 1074 cujuscunque
1782 1006 1888 1063 ordinis

259 1105 452 1152 restauratum.
469 1096 580 1162 Quarta,
595 1093 668 1164 qrrod
683 1109 698 1148 a
713 1095 855 1166 superiore
875 1103 953 1165 parte
965 1094 1046 1150 bullae
1097 1092 1167 1148 lilios
1186 1093 1212 1148 in
1228 1092 1327 1148 nostris
1340 1091 1438 1147 litteris
1452 1092 1628 1162 appellemus.
1642 1093 1678 1148 Et
1690 1108 1753 1150 curn
1771 1096 1817 1150 uni
1830 1104 1888 1152 tan·

258 1189 343 1244 altera
358 1187 469 1258 parslili
486 1187 537 1243 snb
550 1187 661 1256 plumbo
676 1185 852 1254 rescinditur,
870 1195 897 1241 et
911 1201 960 1256 per
975 1186 1046 1240 idern
1098 1193 1154 1240 tum
1173 1199 1296 1254 personae
1319 1183 1418 1238 litterae
1446 1183 1604 1252 apostolicae
1624 1185 1795 1256 diriguntur,
1813 1203 1885 1244 nnn·

258 1281 333 1335 lilum
346 1280 444 1334 litteris
459 1278 533 1334 salsis
546 1279 647 1333 inserta
660 1278 799 1333 reducitur
809 1275 879 1332 inlra
893 1278 1046 1348 plernbnrn.
1097 1290 1178 1346 enam
1194 1277 1219 1330 ei
1231 1275 1365 1345 loquimur
1379 1273 1406 1329 ln
1420 1273 1536 1344 plurali,
1556 1282 1586 1329 ιιι
1601 1291 1656 1339 noa,
1673 1279 1731 1332 sive
1743 1289 1835 1344 certer,
1859 1290 1888 1334 et

259 1371 369 1439 Quinta,
384 1387 444 1428 enm
459 1370 557 1426 litteris
568 1369 676 1424 bullatis
690 1377 718 1424 et
728 1369 840 1424 redditis
855 1369 957 1438 aliquid
969 1369 996 1422 ia
1007 1367 1047 1422 eis
1098 1366 1197 1422 similia
1213 1367 1240 1423 in
1266 1369 1330 1437 ipsis
1346 1368 1444 1425 litteris
1462 1376 1645 1438 apponantur.
1656 1367 1684 1424 ln
1697 1368 1773 1426 salsis
1793 1381 1885 1426 autem

259 1479 308 1536 per
319 1478 441 1518 rasuram
453 1472 559 1517 tenuem
570 1461 740 1516 immittatur.
753 1459 806 1515 Eos
816 1445 1048 1515 eti‘amacrimino
1099 1458 1146 1513 tibi
1169 1459 1267 1514 litteris
1289 1460 1459 1529 praesentatis
1482 1459 1509 1513 in
1534 1459 1695 1514 salutatione
1719 1463 1833 1519 dilectus
1854 1465 1883 1518 ln

260 1554 387 1610 falsitatis
411 1567 465 1608 non
493 1559 652 1620 reputamus
666 1547 859 1618 immunesqnl
874 1556 967 1603 contra
980 1562 1048 1602 con·
1099 1547 1209 1604 Christo
1230 1549 1302 1604 silius
1316 1551 1479 1617 vocabaris,
1502 1563 1564 1604 cnm
1589 1549 1616 1603 in
1639 1551 1763 1607 omnibus
1781 1553 1882 1610 litteris

259 1647 427 1704 stitutionem
456 1651 578 1697 nostram
604 1639 773 1712 praemissam
799 1639 919 1694 scienter
941 1638 1048 1692 litteras
1101 1655 1168 1709 quas
1187 1641 1233 1696 tibi
1247 1641 1394 1711 aliqnando
1411 1640 1610 1696 transmisimus
1626 1650 1651 1697 te
1663 1642 1753 1698 ridere
1763 1647 1883 1712 potueris

259 1749 367 1794 nostras
388 1735 492 1792 nitide
516 1741 608 1788 nostra
624 1730 667 1786 rel
690 1729 833 1786 bullatoris
862 1730 949 1785 nostri
967 1745 1048 1783 rnann
1064 1701 1116 1782 Ba
1141 1729 1218 1785 nobis
1243 1728 1355 1784 iratrem
1375 1729 1559 1786 venerabilem
1576 1732 1750 1803 appellatum.
1772 1733 1887 1804 Propter

260 1829 404 1900 recipiunt.
420 1827 471 1882 Eos
483 1841 591 1898 quoqne
604 1826 650 1898 qni
663 1825 825 1880 accedentes
839 1823 873 1877 ad
885 1822 988 1876 bullam
1002 1821 1051 1874 l'al·
1101 1821 1173 1892 qnod
1196 1820 1236 1875 sic
1262 1829 1288 1876 te
1311 1835 1373 1876 esse
1387 1820 1511 1876 volumus
1524 1822 1552 1877 in
1566 1822 1702 1878 similibus
1721 1824 1888 1894 circumspe-

259 1939 305 1980 sas
328 1923 432 1979 litteras
454 1931 533 1976 caute
552 1919 714 1992 projiciunt,
735 1917 811 1973 ntds
825 1930 890 1971 vera
902 1913 975 1969 bulla
987 1929 1049 1968 eum
1100 1921 1176 1968 ctnm
1200 1921 1230 1967 ut
1252 1927 1300 1983 per
1315 1911 1398 1968 lalsas
1412 1912 1519 1970 litteras
1534 1914 1753 1984 nequeasdenuo
1771 1915 1888 1972 circum·

258 1992 321 2071 aliis
346 2013 509 2084 sigillentur.
525 2013 579 2068 Sed
598 2013 641 2068 be
662 2009 722 2066 dnae
739 2007 843 2080 species
855 2005 981 2061 falsitatis
994 2020 1049 2061 oon
1099 2002 1188 2058 reniri
1199 2002 1240 2066 rel
1254 2002 1333 2070 lalli;
1350 2004 1398 2060 sed
1420 2003 1464 2058 bic
1479 2003 1583 2060 litteras
1600 2005 1764 2075 apostolicas
1780 2006 1888 2064 studeas

261 2115 374 2178 possunt
384 2101 634 2173 laciledcprebendi
647 2099 698 2156 nisi
711 2099 753 2155 rel
765 2098 791 2153 in
803 2096 883 2152 modo
894 2093 1050 2151 dictaminis
1100 2095 1258 2168 diligentins
1280 2095 1380 2152 intueri
1393 2135 1402 2162 ,
1419 2103 1474 2150 tam
1491 2097 1519 2152 in
1530 2096 1603 2152 bulla
1618 2113 1701 2168 quam
1716 2099 1743 2154 ln
1760 2099 1817 2165 lllo,
1833 2111 1887 2154 tam

260 2196 302 2252 rel
317 2197 344 2251 in
360 2194 445 2250 lorma
460 2194 615 2264 scripture,
629 2189 673 2248 rel
686 2190 817 2260 qualitate
828 2188 931 2244 abactae
944 2183 1050 2240 tais-itas
1100 2190 1182 2246 etiam
1198 2190 1225 2245 io
1235 2189 1330 2246 charta
1345 2204 1426 2259 qrram
1439 2188 1466 2244 in
1476 2189 1556 2262 stylo,
1569 2190 1641 2261 quod
1653 2205 1735 2247 veras
1746 2206 1796 2262 pro
1814 2191 1890 2248 falsis

260 2293 447 2358 cognoscatur.
465 2285 494 2340 ln
519 2284 626 2340 canteris
644 2290 737 2338 autern
762 2267 877 2352 diligens
906 2279 1050 2350 indagator
1100 2284 1143 2339 rel
1169 2282 1251 2340 lalana
1277 2297 1327 2354 pro
1352 2283 1425 2339 reris
1449 2282 1645 2354 aliquomodo
1670 2297 1723 2339 non
1746 2283 1887 2342 admittas·

261 2380 406 2436 laisitatem
421 2376 520 2449 polerll
532 2375 692 2446 diligentius
714 2371 829 2438 inliterl,
846 2371 888 2426 vel
910 2370 938 2428 in
954 2370 1051 2440 adjuti-
1102 2375 1178 2434 Scire
1192 2390 1309 2446 paneque
1329 2385 1355 2431 te
1374 2359 1497 2432 uolumus
1511 2374 1584 2445 quod
1605 2388 1666 2430 clim
1682 2372 1827 2444 πρώιος
1838 2376 1889 2431 00.

260 2467 535 2536 ctiortelilnrnru,vei
550 2466 736 2522 incollatione
750 2462 845 2532 bulla„
862 2462 903 2518 rel
917 2463 1049 2527 motione,
1102 2468 1218 2524 „airricus
1235 2467 1298 2524 oiim
1324 2469 1357 2523 ad
1380 2467 1557 2538 apostolicam
1582 2467 1673 2524 sedero
1706 2469 1886 2536 accessisset,

261 2561 304 2620 rel
316 2562 474 2626 obtusione;
503 2560 655 2631 presertim
669 2559 692 2614 si
708 2558 780 2614 bulla
797 2573 852 2612 nott
865 2557 900 2613 sit
919 2553 1048 2626 equalis,
1103 2573 1152 2614 nos
1167 2574 1229 2614 cnm
1252 2559 1386 2616 iratribus
1403 2560 1505 2614 nostris
1523 2560 1714 2617 examinantes
1733 2559 1888 2631 diligentins

261 2652 309 2710 sed
322 2653 422 2710 alicubi
436 2653 522 2722 iringis
536 2653 571 2706 sit
591 2650 712 2715 tumida,
727 2649 792 2704 alibi
810 2651 897 2722 magis
910 2649 1048 2719 depressa.
1102 2662 1211 2706 cansam
1228 2649 1323 2718 ipsius,
1338 2664 1399 2704 enm
1418 2651 1452 2706 ad
1466 2659 1493 2706 ts
1506 2665 1568 2706 cum
1584 2651 1685 2706 nostris
1699 2651 1799 2708 litteris
1809 2651 1886 2707 dusi-

413 2758 477 2798 rnsrt
492 2755 665 2816 tnrrnnnensr
686 2754 900 2795 ascererrseono.
1103 2752 1164 2794 ntus
1189 2740 1400 2807 remittendum
1422 2755 1536 2811 qtrarnnt
1554 2742 1719 2814 rescriptum
1747 2759 1821 2800 nunc
1841 2743 1888 2800 tibi

308 2835 354 2904 ll)
369 2834 455 2902 Quam
467 2833 541 2904 grati
553 2847 640 2901 paenae
659 2831 855 2902 solrjaceatqni
867 2815 1050 2903 litterasapo·
1102 2831 1153 2886 sub
1178 2831 1251 2888 bulla
1277 2841 1369 2888 nostra
1393 2833 1527 2890 mittimus
1548 2833 1737 2892 introclusum.
1754 2836 1810 2892 Sed
1819 2838 1888 2908 ipse,

262 2923 373 2981 stolicas
389 2922 489 2978 falsare
501 2935 554 2976 non
569 2920 665 2976 timent
676 2930 703 2975 et
727 2932 807 2975 teras
824 2934 838 2974 a
856 2919 934 2976 nobis
961 2921 1048 2990 impe·
1103 2929 1231 2993 unquam
1257 2922 1339 2980 bomo
1365 2924 1494 2994 iniquus,
1509 2925 1581 2982 slent
1593 2926 1652 2996 eius
1668 2941 1751 2997 opera
1771 2929 1886 2983 manile·

262 3026 351 3074 tratas
365 3014 472 3071 litteras
482 3011 664 3077 occultantes,
680 3010 758 3067 lalsis
770 3011 809 3067 nti
825 3010 922 3067 litteris
935 3026 989 3067 non
1004 3025 1050 3068 ve·
1065 3043 1087 3102 c
1104 3022 1189 3081 stam,
1212 3029 1290 3072 veras
1304 3015 1410 3072 litteras
1429 3018 1614 3088 supprimens,
1629 3034 1697 3089 quas
1721 3035 1754 3076 cx
1768 3021 1890 3090 benigni·

262 3120 369 3176 rcntnr,
397 3107 594 3164 fraternitatem
622 3115 694 3161 tuam
716 3104 854 3160 credimus
868 3120 922 3160 nou
952 3104 1048 3160 latere.
1104 3115 1159 3165 tate
1180 3108 1429 3181 sedisapostolicae
1453 3123 1677 3168 correesseramns
1691 3111 1793 3180 eidem
1807 3111 1889 3169 ialsas

261 3201 303 3256 tto
318 3199 482 3254 audientiam
496 3198 629 3267 siqnidem
641 3207 762 3252 nostram
776 3211 810 3251 ex
832 3196 931 3253 litteris
945 3196 1051 3252 cbaris-
1103 3201 1152 3257 tibi
1167 3216 1220 3257 non
1241 3202 1330 3258 timuit
1355 3203 1459 3257 litteras
1483 3214 1659 3272 praesentare.
1674 3204 1807 3260 Cetermn
1827 3205 1888 3275 quia

262 3293 322 3348 sinti
335 3290 361 3345 in
374 3289 481 3347 Clrristo
496 3290 542 3344 biii
559 3288 645 3344 nostri
660 3287 768 3345 Wlean.
794 3286 908 3344 llioeliae
923 3288 995 3360 regis
1019 3288 1052 3343 il·
1102 3294 1214 3364 diganum
1224 3303 1268 3350 est
1282 3302 1312 3351 ιιι
1330 3294 1375 3365 qni
1391 3292 1479 3349 noluit
1498 3295 1731 3363 benedictionem,
1748 3296 1890 3367 prolonga·

261 3381 367 3446 lustris,
381 3394 487 3436 necnon
502 3389 530 3434 ct
557 3390 651 3435 tenore
676 3379 827 3434 litterarum
852 3389 959 3435 tuarum
982 3396 1051 3451 quas
1104 3396 1149 3443 tur
1173 3388 1207 3444 ab
1233 3402 1275 3451 ca,
1290 3397 1318 3444 ct
1344 3386 1474 3457 prelatus
1502 3385 1649 3443 suacensis
1664 3388 1809 3459 episcopus
1838 3405 1888 3443 nen

262 3474 362 3531 dilecto
376 3472 466 3544 nilo).
479 3472 619 3544 capellano
630 3480 726 3529 noello
740 3472 812 3542 titud
826 3471 994 3527 Dulichium
1007 3474 1051 3529 (Ιί-
1103 3481 1162 3537 sine
1181 3480 1274 3537 labore
1289 3480 1408 3535 inaximo
1431 3494 1461 3535 se
1483 3479 1591 3535 curavit
1615 3490 1710 3536 nostro
1734 3482 1888 3551 conspectui

262 3568 369 3635 rexisti,
394 3567 503 3622 noveris
526 3568 683 3638 prerrenisse
706 3568 777 3637 quod
803 3582 865 3622 cunr
895 3567 1052 3625 Dominiens
1103 3581 1277 3643 praesentare,
1301 3572 1431 3643 praediolo
1456 3571 1607 3637 llomirtico,
1638 3581 1769 3643 tanquam
1792 3574 1839 3643 qni
1858 3574 1890 3629 de

262 3658 399 3728 quotidam
421 3656 568 3713 Suacensis
594 3657 749 3727 episcopus,
763 3656 810 3727 qui
835 3672 926 3713 coram
956 3659 1051 3715 eodem
1103 3679 1151 3720 sna
1168 3663 1272 3734 justitia
1290 3662 1437 3730 diffidebat,
1453 3671 1480 3719 et
1493 3666 1665 3722 remordebat
1678 3681 1740 3721 eum
1755 3667 1890 3737 predicte

262 3747 403 3818 capellano
414 3756 442 3801 el
457 3747 557 3802 dilecto
574 3747 630 3801 filio
644 3746 674 3801 S·
691 3747 859 3803 subdiacono
873 3758 968 3804 noello
986 3758 1052 3805 lunc
1104 3758 1268 3813 conscientia
1285 3755 1424 3824 falsitatis,
1441 3756 1552 3811 minime
1567 3758 1702 3823 ueniente,
1722 3758 1778 3813 imo
1791 3758 1889 3824 ‚licet,

262 3843 291 3899 io
309 3843 431 3912 partibus
444 3841 498 3897 illis
510 3842 669 3914 gerentibus
684 3843 948 3912 legationisollicium
964 3843 1054 3899 luerat
1104 3858 1133 3901 ut
1149 3848 1259 3915 dieitur,
1274 3848 1328 3903 iter
1339 3848 1486 3916 arripuerit
1499 3846 1636 3911 seniendi,
1646 3862 1680 3903 ac
1692 3849 1850 3919 promiserit
1862 3862 1890 3904 se

262 3934 297 3990 de
310 3935 457 3990 bornicidio
469 3942 624 3999 accusabis,
640 3945 669 3989 et
681 3934 709 3988 in
725 3935 842 3991 concilio
852 3936 922 4004 apud
937 3935 1052 3991 Anniba·
1104 3950 1264 4008 rentnrum,
1283 3939 1316 3994 ad
1330 3948 1422 4011 partes
1441 3950 1531 3995 lamen
1550 3940 1675 4011 Ungariae
1689 3957 1719 3997 se
1735 3942 1889 4005 transtulit,

264 4031 316 4087 rirn
339 4030 520 4101 porttillealem
552 4031 741 4101 resignaverat
768 4030 938 4102 dignitatern,
954 4033 987 4084 acl
1001 4046 1051 4084 no·
1104 4042 1134 4089 nt
1158 4038 1278 4091 nostram
1302 4031 1475 4103 presentiam
1499 4031 1658 4096 declinaret,
1674 4020 1796 4091 volentes
1815 4034 1886 4089 etil-

263 4137 348 4180 stram
364 4125 427 4179 olirn
450 4125 620 4193 praesentiam
635 4124 806 4189 accessisset,
821 4138 837 4176 a
851 4124 930 4179 nobis
944 4124 1052 4179 rediens
1104 4127 1160 4181 lum
1175 4127 1209 4181 de
1224 4140 1272 4182 sna
1288 4126 1498 4195 praesumptione
1514 4126 1610 4195 punire
1623 4134 1651 4181 et
1664 4142 1735 4197 saepe
1752 4128 1890 4183 notitionto

263 4217 395 4285 qrrasdam
408 4216 457 4271 tibi
469 4216 576 4272 litteras
588 4217 773 4285 praesentavit,
795 4230 865 4287 quas
878 4216 911 4272 de
925 4218 1052 4271 rcrlroad
1102 4220 1232 4289 episcopo
1255 4226 1369 4289 paterna
1392 4218 1493 4287 pietate
1521 4232 1703 4284 succurrere,
1728 4217 1890 4274 lrntcrnitati

262 4306 377 4363 verbnm
391 4307 418 4360 in
432 4306 529 4362 litteris
540 4307 597 4378 jam
613 4306 686 4363 dicto
711 4306 850 4377 capellano
870 4306 895 4361 l.
919 4324 952 4364 ex
975 4320 1052 4378 parte
1105 4324 1158 4367 tuae
1184 4323 1233 4383 per
1252 4310 1402 4381 apostoliea
1426 4308 1528 4380 scripta
1544 4310 1703 4365 mandamus
1724 4317 1752 4364 et
1771 4308 1892 4365 districte

264 4405 310 4452 tna
324 4396 436 4451 directis
449 4397 636 4467 perspeximus
647 4398 793 4463 contineri,
808 4398 907 4468 qrribns
932 4400 984 4455 sibi
1009 4416 1054 4456 ns·
1069 4391 1090 4445 Ῑ)
1103 4402 1277 4475 praecipitatus
1301 4410 1434 4472 quatenns
1446 4401 1469 4455 si
1491 4400 1562 4457 lorte
1582 4400 1726 4456 occasione
1740 4400 1891 4457 litterarum

264 4488 401 4545 serebata
422 4488 503 4543 nobis
520 4488 675 4559 pontilicale
689 4487 806 4543 ollicinrn
820 4492 985 4547 restitutum.
1010 4493 1050 4548 Tu
1103 4495 1210 4550 illarum
1230 4495 1257 4549 in
1275 4493 1367 4565 aliquo
1387 4492 1565 4563 processisti,
1592 4493 1702 4549 irritum
1729 4492 1893 4549 denuntians

263 4577 500 4635 verolitterisillis
511 4580 590 4635 lidem
603 4580 733 4635 adhibens
745 4581 928 4637 vulnerabilem
939 4584 1051 4640 iratrem
1101 4588 1210 4661 pertitus
1225 4594 1253 4642 et
1268 4586 1360 4651 inane,
1372 4584 1427 4655 iarn
1442 4585 1544 4640 dictum
1559 4583 1591 4637 b.
1606 4584 1628 4638 si
1643 4583 1736 4639 denno
1752 4585 1846 4640 restire
1860 4584 1892 4640 ad

264 4679 388 4728 nostrum
403 4671 436 4728 G.
452 4686 532 4742 quiem
547 4672 575 4727 in
588 4672 753 4729 Suaccnsem
768 4675 922 4745 episcopum
935 4676 1050 4733 electum
1105 4689 1197 4751 partes
1225 4678 1286 4734 illas
1311 4677 1536 4747 presumpserit,
1552 4675 1627 4731 omni
1652 4675 1794 4741 dilatione,
1814 4692 1892 4732 occa-

264 4770 396 4823 carronice
409 4767 508 4823 diceris
521 4782 698 4824 consecrasse
708 4769 743 4823 ab
757 4769 851 4823 eadem
862 4768 978 4826 ecclesia
1008 4786 1052 4828 re·
1104 4775 1190 4839 sione,
1208 4778 1236 4827 et
1265 4768 1445 4841 appellatione
1473 4768 1623 4839 postposita
1650 4766 1678 4821 in
1701 4766 1891 4837 aliquolacias

264 4858 393 4924 mouisti,
416 4858 529 4928 praelato
555 4859 697 4915 llorninico
726 4861 868 4917 occasione
899 4862 1052 4919 litterarum
1105 4864 1270 4921 monasterio
1286 4860 1401 4918 districti
1426 4860 1530 4915 ordinis
1554 4860 1588 4913 ad
1611 4858 1744 4929 agendam
1758 4858 1892 4929 preniten-

263 4950 400 5015 laisarnrn
410 4950 436 5005 in
451 4952 509 5022 ipsa
523 4951 645 5007 Ecclesia
662 4954 800 5008 restituto.
817 4953 950 5011 Prtelntus
961 4964 1052 5011 antem
1104 4955 1170 5010 tiam
1200 4962 1275 5010 arcte
1296 4950 1409 5008 recludi.
1426 4948 1760 5005 Prenominatnmantem
1783 4946 1817 5003 G.
1837 4948 1892 5017 epi·

264 5056 324 5107 res,
340 5044 412 5097 sicut
434 5044 491 5097 suis
507 5043 585 5098 nobis
608 5043 706 5098 litteris
725 5043 1055 5110 intrantuit,non·credens
1106 5062 1235 5117 scopum,
1254 5046 1276 5102 si
1302 5043 1449 5115 premissis
1472 5041 1574 5097 ueritas
1596 5038 1773 5110 suffragatur,
1798 5041 1826 5095 in
1844 5054 1891 5094 suo

263 5133 299 5187 de
314 5141 406 5187 nostra
420 5132 589 5187 conscientia
606 5132 712 5187 litteras
735 5131 795 5188 illas
818 5149 970 5198 emanasse,
997 5144 1053 5190 tarn
1106 5140 1165 5195 loco
1178 5148 1203 5195 et
1218 5138 1348 5209 dignitate
1361 5133 1468 5191 sublato
1483 5130 1710 5189 contradictionis
1725 5142 1753 5187 et
1773 5130 1892 5201 appella·

265 5226 353 5296 ipsnrn
365 5224 533 5282 borninienrn
546 5241 627 5295 quarn
642 5224 783 5296 prelature
795 5228 949 5299 episcopum
960 5238 1054 5285 nostro
1108 5230 1189 5285 tionis
1200 5226 1339 5284 obstaculo
1352 5224 1478 5281 restituas
1490 5232 1517 5279 et
1529 5221 1614 5278 laeias
1631 5222 1658 5276 iu
1671 5222 1829 5293 episcopatu
1844 5235 1892 5277 seo

266 5317 398 5389 praecepit
420 5318 578 5388 conspectui
604 5320 774 5390 praesentari,
796 5320 935 5376 humiliter
957 5330 1053 5391 petens
1105 5320 1218 5387 pocillce
1241 5332 1421 5390 permanere,
1439 5316 1499 5372 illos
1521 5312 1708 5371 ecclesiastiea
1722 5312 1893 5369 districtione

266 5412 401 5481 rescripto
414 5410 563 5481 apostolico
578 5412 686 5467 edoceri
697 5413 828 5486 uniriquid
844 5412 1004 5469 duxerimus
1018 5415 1053 5470 de
1107 5424 1282 5483 compescens
1307 5410 1352 5479 utri
1375 5423 1405 5467 se
1421 5408 1469 5465 tibi
1489 5405 1616 5464 duxerint
1638 5403 1794 5461 temeritate
1808 5402 1893 5475 quali-

266 5500 326 5569 ipso
345 5503 452 5573 negotio
464 5502 648 5558 statuendum.
662 5503 717 5558 Nos
728 5518 793 5559 rcro
807 5505 967 5575 rescriptum
980 5503 1055 5560 litte·
1106 5502 1348 5576 beeopponendos.

266 5606 358 5646 rarrnn
371 5592 500 5647 falsarunt
514 5593 668 5662 diligentius
681 5595 828 5660 intimius,
843 5598 870 5650 in
885 5596 925 5651 eis
945 5604 1000 5650 tana
1024 5595 1052 5649 in

300 5682 358 5755 (ιι)
380 5684 443 5754 Cap.
462 5686 546 5752 Quom
565 5688 672 5758 prurit„
691 5686 728 5745 lle
741 5687 870 5757 laisariis,
894 5686 921 5742 in
941 5686 1019 5743 tertia
1040 5684 1152 5743 Collect.
