4109 6325
267 326 318 388 osi
710 312 907 385 innocsnrit
924 312 959 387 ill
977 310 1030 369 i‘l‘.
1050 310 1287 371 REGESTORUH
1304 313 1370 384 tion
1389 315 1460 372 xit.
1841 310 1898 384 'm

268 446 425 525 presidentes,
448 447 515 504 cte„
538 448 617 505 nspne
646 429 789 502 perferatis
813 444 938 485 examen.
963 427 1059 485 Nullus
1073 440 1096 501 p
1109 441 1201 502 posset
1225 432 1475 503 perirnieiibcrari.
1489 432 1603 504 literpo
1616 436 1763 505 strperhoc
1783 442 1904 511 aarpiins

269 541 359 608 itaque
372 550 402 591 se
418 529 562 597 fallaciter,
571 540 651 599 nsque
666 538 701 593 er
714 538 743 580 se
764 522 872 595 brucins.
1110 536 1225 585 maurus
1240 522 1365 578 reddaris
1378 530 1407 577 et
1421 532 1524 588 certus,
1537 524 1721 584 mittimusad
1735 538 1809 586 tuam
1821 545 1902 602 rega.

305 630 411 684 parurn.
1109 612 1163 669 iem
1176 614 1351 685 praesentiam
1364 613 1494 679 dilectum
1504 612 1587 673 dinam
1604 625 1727 671 nostrum
1750 618 1902 680 liebertum

614 704 710 771 iiixl.
1110 705 1182 761 tituli
1196 703 1292 767 Sancti
1312 704 1444 774 Stephani
1463 703 1498 770 ia
1506 702 1593 759 Coeiio
1604 714 1698 761 monte
1710 706 1903 779 presbyterum

269 818 498 871 incurrissemus,
530 814 679 863 nerseorts,
709 814 870 871 assumens,
899 812 1058 863 perosinus,
1110 794 1286 859 cardinalem,
1305 792 1460 864 apostolicae
1474 792 1548 848 sedis
1558 791 1689 874 legatum,
1705 796 1793 850 virum
1808 798 1902 868 ntique

303 910 475 959 csrsnrseus
505 907 625 949 cannrcrs
651 906 702 947 nnn
725 904 830 945 seusun
856 903 976 958 suasuris
995 903 1059 945 con·
1111 883 1394 958 probataehonestaiis
1409 883 1523 966 etiidei,
1538 884 1585 954 rpd
1601 899 1633 940 ea
1653 900 1714 962 quae
1730 886 1838 957 plenium
1859 903 1901 945 ac·

303 1006 442 1063 perperis..
1110 976 1182 1049 cepit
1193 993 1208 1032 a
1220 978 1309 1043 nohis,
1321 978 1479 1049 expressius
1491 977 1540 1032 tihi
1552 977 1654 1034 reierat
1666 980 1728 1044 riva
1744 995 1830 1049 roce;
1860 997 1902 1039 w.

569 1074 767 1145 superparem.
1113 1072 1256 1128 renitatem
1274 1081 1347 1127 tuam
1365 1078 1497 1140 rogantes
1515 1079 1543 1126 et
1557 1072 1736 1130 exhortantes
1747 1073 1775 1128 in
1789 1073 1905 1136 bomine

601 1163 734 1238 (ilatum.)
1111 1171 1246 1237 quotenus
1260 1175 1322 1217 euru
1334 1161 1453 1232 henigne
1480 1161 1637 1230 recipisset
1662 1162 1778 1220 honeste
1796 1172 1902 1235 pertra-

304 1264 382 1320 Pium
400 1270 428 1317 et
454 1266 578 1316 sanctum
602 1255 773 1326 propositum
796 1253 867 1324 quod
885 1254 917 1309 de
943 1250 1061 1307 subrea·
1111 1262 1181 1316 cies,
1195 1250 1280 1321 ipsius
1294 1250 1493 1321 acquiescendo
1503 1250 1660 1316 salubribus
1670 1252 1782 1310 metuitis
1796 1262 1825 1309 et
1841 1270 1903 1320 con:

271 1359 343 1423 tione
354 1366 433 1413 terrae
453 1359 555 1409 sancte
570 1364 620 1420 pro
640 1348 777 1405 communi
796 1346 929 1414 utilitate,
947 1343 1002 1399 lieo
1015 1344 1059 1399 in·
1112 1343 1180 1401 siliis
1195 1352 1306 1417 propter
1319 1343 1414 1407 lieum,

271 1448 406 1519 spirante,
436 1442 610 1512 concepimus
632 1448 661 1493 et
682 1437 831 1507 perducere
858 1436 1007 1507 satagimus
1026 1434 1060 1494 ad
1148 1437 1256 1497 Datum.

271 1536 396 1605 effectum
407 1576 415 1603 ,
427 1548 460 1589 et·
480 1530 651 1605 generalibus
664 1528 761 1585 litteris
783 1527 908 1598 poteritis
919 1527 1062 1591 aduertere
1148 1526 1183 1581 ia
1197 1526 1317 1582 eumdem
1333 1526 1440 1581 modam
1457 1526 1539 1582 nobili
1552 1527 1609 1581 uiro
1628 1525 1755 1581 haderico
1776 1526 1904 1585 charissr'e

272 1628 424 1687 nraniicste.
439 1624 481 1681 hd
506 1625 557 1680 hoc
577 1623 659 1695 igitur
671 1623 790 1678 salutare
803 1622 971 1692 propositum
983 1634 1063 1676 exse·
1112 1618 1149 1671 ari
1162 1616 1306 1672 incoram
1321 1617 1373 1687 pilii
1397 1618 1481 1671 nestri
1504 1616 1619 1687 Philippi
1646 1616 1713 1687 repis
1737 1614 1760 1668 F
1762 1631 1903 1679 raucorum

272 1723 407 1792 quendum
420 1719 547 1775 dilectum
570 1716 654 1777 silium
677 1727 801 1781 nostrum
822 1714 969 1772 liebertum
990 1711 1062 1768 tituli
1113 1708 1422 1779 illustrisprimepenita.
1439 1706 1606 1763 ineuntem
1628 1705 1828 1761 modumneiili
1844 1721 1905 1768 mnf

272 1811 365 1867 Sauracti
380 1808 508 1880 Stephani
522 1806 549 1862 ln
562 1808 649 1867 Coeiio
666 1818 757 1865 arente
771 1805 958 1877 presbyterum
970 1804 1062 1858 cardi·
1077 1784 1099 1837 Β
1113 1802 1171 1857 lieri
1184 1801 1293 1859 Bluncre
1306 1802 1385 1856 aseri
1407 1801 1503 1856 aedilis
1533 1801 1582 1856 uiri
1609 1799 1736 1855 Ludoaici
1756 1798 1906 1864 charissimi

273 1901 372 1970 tndem,
386 1899 539 1971 apostatica
550 1900 627 1958 sedis¹
638 1899 768 1970 legatum,
784 1897 874 1951 tirum
892 1894 985 1965 utique
1000 1908 1064 1965 pro·
1113 1895 1142 1950 in
1153 1893 1259 1959 Christo
1272 1893 1324 1964 filii
1336 1894 1419 1949 nestri
1436 1892 1547 1948 illustris
1567 1894 1635 1973 repis
1658 1891 1682 1946 F
1684 1908 1825 1948 raucorum
1848 1891 1906 1961 pri?

272 1988 505 2053 bmaehonestatis
521 1998 548 2044 et
567 1989 648 2054 iidei,
675 1990 859 2054 destinamus,
884 1985 982 2041 merito
1007 1998 1065 2040 suae
1113 1988 1246 2058 repperiti.

273 2081 417 2154 probitatis
432 2078 543 2150 speciali
565 2078 652 2150 gratia
665 2078 744 2135 nobis
759 2087 920 2148 acceptum,
936 2089 985 2148 per
998 2089 1064 2145 apo·
1451 2100 1572 2157 xxm

273 2172 367 2228 steiica
381 2170 458 2226 nohis
470 2171 571 2241 scripta
585 2169 767 2241 praecipiendo
786 2167 946 2224 mandantes
969 2175 1065 2237 quate

274 2279 324 2319 nus
337 2278 398 2319 eum
409 2264 469 2318 rice
484 2273 587 2329 nestra,
603 2262 659 2317 iuno
670 2262 760 2333 potius
774 2259 833 2316 ricc
842 2260 955 2327 Christi,
968 2259 1065 2316 devote

274 2357 412 2427 suscipere
422 2369 454 2411 ac
465 2354 580 2411 irorrcsie
592 2363 712 2411 tractare
733 2352 852 2418 curetis,
885 2352 970 2425 ipsius
991 2350 1066 2407 salu·

275 2444 498 2515 bribusmouitis
520 2452 547 2499 ct
570 2444 704 2512 mandatis
725 2442 865 2500 hurrriiiter
880 2441 1065 2509 intendentes,
1152 2434 1192 2489 En
1207 2434 1307 2491 litteris
1322 2449 1390 2505 otono
1419 2434 1563 2505 aliquoties
1586 2443 1632 2489 tot
1647 2434 1726 2493 nobis
1751 2436 1918 2497 traternitas

275 2534 428 2607 praesertim
443 2536 471 2589 in
484 2535 517 2589 iis
536 2548 596 2605 qnae
609 2532 747 2603 pertinent
761 2532 795 2588 ad
811 2532 963 2589 subsidium
987 2540 1067 2587 terrae
1117 2527 1271 2584 destinarit
1286 2536 1315 2581 et
1326 2527 1388 2580 aliis
1402 2539 1510 2595 qnoque
1527 2524 1636 2581 indiciis
1659 2527 1839 2596 cognorimus
1855 2530 1912 2584 eui·

275 2632 388 2693 sancite.
402 2624 457 2679 iios
470 2624 543 2679 enim
554 2622 626 2693 quod
639 2637 721 2693 super
733 2622 766 2679 iis
772 2632 799 2678 ει
808 2624 868 2679 aliis
879 2623 913 2679 ad
924 2638 982 2680 suae
994 2623 1067 2695 iega-
1116 2620 1213 2675 denter
1223 2628 1249 2673 te
1261 2632 1314 2673 noa
1326 2616 1413 2673 solnm
1428 2618 1462 2671 ad
1476 2626 1681 2673 sacrosanctam
1695 2616 1850 2675 Romanam
1858 2620 1911 2675 Ec·

276 2716 358 2781 tionis
381 2714 498 2781 cilicium
520 2713 717 2783 pcrtinentibus
738 2716 849 2784 provida
873 2715 1067 2781 deliberatione
1117 2711 1227 2767 clesiam
1241 2718 1355 2764 nratrem
1376 2717 1462 2775 taam,
1477 2722 1572 2763 verum
1594 2708 1678 2764 etiam
1708 2709 1741 2763 ad
1767 2724 1912 2780 personam

276 2806 401 2873 statuerit
419 2802 590 2877 praecipimus
612 2803 807 2859 invielabiliter
825 2804 985 2871 observari;
1001 2818 1068 2859 ron·
1118 2813 1237 2862 nostram
1247 2801 1403 2874 specialiter
1417 2802 1591 2857 devotionem
1608 2802 1711 2857 haltere
1739 2801 1862 2858 debitam
1885 2811 1914 2855 et

1327 2226 1502 2271 rursrtncrts
1514 2228 1713 2269 utsttnomno.

1220 2323 1378 2380 Corrsoioinr
1394 2340 1453 2379 eum
1463 2332 1488 2378 ei
1500 2325 1593 2379 inuitat
1605 2325 1640 2379 ud
1652 2326 1803 2382 concilient.

167 2958 171 2965 ,
278 2898 406 2952 cedentes
423 2893 550 2950 eiticmut
567 2893 971 2961 evellatetdestruai,aediilcet
986 2902 1068 2965 utque
1118 2896 1254 2955 deuotam.
1283 2896 1396 2964 Propter
1420 2896 1494 2968 qnod
1519 2894 1651 2957 hahentes
1668 2902 1695 2949 tc
1714 2893 1743 2950 ἰιι
1763 2894 1914 2951 visceribus

278 2984 395 3057 priantat,
409 2997 469 3053 quar
481 2982 532 3037 sibi
546 2980 685 3037 euellenda
701 2994 729 3038 et
742 2983 916 3052 destruenda,
929 2984 1068 3040 aedidcau-
1119 2987 1273 3052 charitatis,
1289 2986 1338 3047 tihi
1352 2988 1538 3059 compatimur
1562 2984 1590 3041 in
1606 2984 1828 3050 tribulationibus
1842 3002 1915 3058 quas

279 3077 312 3130 da
327 3073 495 3131 occurrerint
508 3082 535 3129 et
547 3073 704 3145 plantanda.
1081 3121 1104 3184 c
1119 3079 1219 3152 pateris
1234 3086 1262 3135 et
1274 3079 1409 3149 pressuris
1423 3092 1608 3152 :quamquam
1619 3088 1649 3136 et
1666 3078 1716 3146 tibi
1733 3087 1762 3138 ct
1776 3079 1857 3141 nohis
1877 3080 1916 3137 sit

314 3167 426 3238 Datum,
441 3174 494 3223 etc.
1119 3175 1146 3236 ie
1158 3176 1199 3233 eis
1214 3173 1300 3246 ipsius
1310 3172 1496 3247 gloriandum,
1507 3188 1571 3230 cnm
1587 3173 1616 3230 id
1636 3175 1710 3245 qued
1733 3173 1761 3229 ia
1785 3176 1914 3244 presenti

619 3255 732 3332 iiiiii„
849 3333 851 3338 ¹
1119 3277 1162 3324 est
1180 3275 1403 3322 momentaneum
1418 3274 1448 3321 et
1468 3265 1528 3321 iere
1552 3264 1737 3324 tribulationis
1760 3264 1915 3334 hujusmodi

279 3367 402 3418 somaro
423 3368 515 3409 rtrum
543 3368 636 3410 sanem
663 3369 798 3413 srsrusar.
816 3369 844 3411 rr
863 3369 954 3426 cmnre
980 3372 1069 3425 nonus
1119 3358 1325 3430 supramodum
1343 3358 1369 3413 in
1391 3357 1559 3418 sublimitate
1571 3358 1677 3428 pondus
1686 3367 1797 3413 aeternae
1820 3357 1915 3428 glorie

307 3461 477 3512 pressurum
493 3463 634 3505 cunamen
650 3464 820 3517 trosrourcs,
836 3465 910 3510 scats
924 3465 1038 3532 neutro.
1119 3462 1256 3524 operetur,
1264 3466 1314 3507 nec
1324 3451 1380 3506 siat
1395 3450 1535 3522 condignae
1546 3450 1689 3520 passiones
1704 3449 1786 3520 irujus
1810 3458 1915 3520 tempo·

572 3540 658 3611 Super
672 3541 782 3610 eadem„
937 3583 941 3592 .
1121 3542 1160 3597 ris
1173 3541 1207 3598 ati
1226 3541 1346 3596 inieram
1357 3541 1471 3612 pieriam
1485 3541 1660 3597 revelandam
1688 3540 1782 3596 inillis
1796 3541 1844 3611 qni
1865 3555 1922 3610 pro.

612 3632 745 3705 (Datum)
1120 3631 1344 3701 Cirrlstlnoraine
1363 3631 1515 3702 patiuntur.
1532 3630 1648 3703 ifropter
1671 3631 1744 3702 quod
1768 3631 1916 3703 tpmrorns

317 3724 352 3786 lit
364 3723 500 3790 efficacius
514 3725 603 3798 possis
616 3726 760 3790 intendere
773 3725 807 3792 ad
825 3725 974 3790 subsidium
993 3735 1072 3781 terrae
1121 3723 1173 3790 sibi
1185 3723 1308 3805 placebat
1322 3724 1350 3778 in
1370 3723 1576 3790 infirmitatibus
1585 3725 1659 3789 sais,
1682 3725 1709 3780 ia
1731 3724 1916 3788 contnmeiiis,

280 3825 393 3884 sanctae,
410 3817 584 3888 praesentium
599 3817 646 3872 tihi
669 3816 831 3873 auctoritaie
853 3817 1027 3874 concedimus
1042 3828 1072 3873 nt
1122 3818 1150 3874 ia
1179 3816 1397 3883 necessitatibus,
1429 3815 1457 3872 in
1477 3815 1719 3886 persecutionibus.
1734 3826 1762 3872 et
1781 3815 1918 3884 angustiis

283 3909 316 3968 iio
330 3908 377 3978 qni
393 3907 427 3963 nti
440 3917 512 3962 tnotn
527 3908 699 3970 notationem
719 3905 816 3963 denoto
837 3909 1016 3964 convenerint
1037 3909 1071 3970 orl
1122 3928 1190 3983 quas
1203 3911 1357 3973 sustinebat
1375 3924 1425 3980 pro
1436 3909 1557 3976 Christo,
1575 3918 1605 3966 et
1625 3923 1688 3966 eum
1712 3909 1924 3979 indrmahatnr,

284 3999 449 4054 audiendum
472 4000 587 4056 terbum
606 3997 755 4056 saiutiierae
769 4001 876 4069 crucis,
896 4001 929 4055 de
943 4001 1072 4070 injunctis
1124 4013 1189 4060 tunc
1203 4003 1322 4062 maxime
1337 4011 1433 4074 potens
1449 4010 1520 4070 erat,
1537 4001 1627 4060 scieas
1637 4002 1710 4071 quod
1721 4002 1809 4056 uirtus
1819 3999 1849 4056 in
1865 4002 1919 4055 im·

283 4089 333 4146 sibi
347 4089 688 4162 poenitemiisuicenostra
702 4098 806 4144 certam
822 4091 913 4147 valeas
928 4092 1073 4164 induigen-
1124 4094 1415 4166 drmitateperdcitur,
1434 4103 1463 4149 et
1488 4093 1560 4163 qnod
1582 4092 1653 4150 iicet.
1674 4107 1724 4163 per
1744 4108 1807 4149 εειιι
1834 4093 1926 4151 homo,

284 4182 350 4243 tiam
383 4182 528 4254 impertiri.
550 4184 589 4240 iie
608 4184 807 4265 torneamentis
830 4195 920 4241 autem
946 4186 998 4241 hoc
1025 4185 1072 4246 tibi
1123 4193 1315 4255 corrumpatur
1328 4185 1458 4248 exterior,
1474 4183 1588 4246 interior
1603 4191 1695 4239 tamen
1717 4199 1767 4252 per
1791 4185 1919 4248 undem

283 4275 410 4330 duximus
434 4267 651 4344 concedendum,
668 4288 698 4335 ut
724 4280 757 4336 de
772 4280 892 4335 virorum
908 4278 1073 4347 prudentum
1122 4275 1391 4348 jugiterrenoraiur.
1416 4277 1591 4333 Timentibus
1610 4275 1685 4332 enim
1714 4276 1802 4332 Deum
1825 4277 1920 4334 omnia

284 4366 399 4422 consilio
411 4367 556 4430 salubriter
570 4378 675 4425 statuas
694 4372 765 4441 quad
782 4379 862 4427 terra
883 4379 985 4427 saneim
997 4369 1073 4424 utili·
1125 4373 1305 4434 cooperantur
1320 4365 1470 4432 inhonum,
1486 4366 1534 4437 qui
1555 4379 1621 4421 suos
1640 4364 1794 4420 noasoium
1809 4365 1846 4421 tle
1869 4367 1920 4419 tri-

285 4455 333 4511 tati
347 4458 495 4513 secondom
514 4460 597 4518 Deum
614 4461 713 4518 rideris
732 4462 871 4533 expedire.
1088 4461 1110 4519 [i
1124 4457 1270 4513 bulationis
1280 4456 1405 4528 angustia
1417 4456 1526 4524 liberat,
1541 4457 1681 4514 sedetiam
1695 4457 1722 4511 in
1735 4457 1795 4527 ipsa
1804 4459 1921 4516 tribuis-

321 4547 427 4619 iiatum,
442 4561 494 4607 etc.
1126 4551 1200 4607 tione
1214 4550 1321 4626 dilatat,
1335 4559 1366 4604 ut
1378 4550 1457 4620 quasi
1470 4550 1638 4605 meridianus
1656 4548 1747 4622 imper
1767 4561 1921 4621 consurgat

617 4641 736 4698 xxxiii.
1125 4642 1165 4698 eis
1181 4641 1215 4696 ad
1228 4655 1379 4710 vesperam,
1390 4649 1418 4694 et
1430 4655 1491 4705 cum
1508 4654 1538 4695 se
1549 4650 1721 4710 consumptos
1750 4641 1933 4710 putaverint,

482 4747 605 4798 runusrm
629 4751 690 4792 nem
711 4753 880 4793 snruconurr.
1126 4742 1156 4789 ιιι
1167 4733 1263 4791 iuciier
1275 4733 1410 4793 oriantur.
1424 4733 1573 4790 benedicas
1600 4733 1683 4804 initur
1705 4732 1761 4788 lieo
1788 4743 1817 4789 ει
1846 4733 1920 4790 Patri

413 4823 447 4876 fii
461 4827 624 4880 corrtrrrsndui
639 4827 753 4897 iepatnrn
767 4827 948 4898 apostolicum.
1125 4827 1232 4882 Domini
1243 4827 1330 4883 nostri
1342 4825 1405 4883 iesu
1420 4825 1534 4895 Christi,
1545 4825 1591 4896 qni
1615 4835 1642 4879 ie
1655 4825 1683 4880 in
1709 4827 1785 4880 omni
1808 4827 1923 4884 benedi·

613 4919 750 4990 (barura.)
1126 4919 1217 4974 ctione
1234 4915 1373 4988 spirituali
1383 4916 1532 4979 secuudum
1546 4916 1830 4988 gratiosuaedisitias
1840 4915 1924 4972 irens-

321 5005 408 5073 Qnam
423 5007 558 5062 sincerum
573 5007 727 5066 dilectionis
736 5007 861 5066 affectum
876 5025 940 5082 erga
957 5019 984 5067 te
1001 5026 1033 5067 ac
1044 5011 1076 5066 d·
1127 5012 1207 5078 dixit,
1221 5021 1250 5068 et
1260 5020 1290 5067 ut
1302 5025 1383 5068 esses.
1406 5009 1598 5067 immaculatus
1611 5008 1640 5066 in
1654 5017 1807 5080 conspeetu
1822 5010 1933 5080 ipsius,-

287 5097 353 5157 linm
374 5109 449 5156 tuum
463 5111 489 5157 et
503 5117 617 5174 regnunt
632 5103 756 5162 Francis
770 5103 921 5160 habeamus
940 5106 1016 5161 norit
1031 5104 1077 5162 iile
1128 5105 1200 5162 dedit
1214 5103 1261 5159 tibi
1275 5112 1304 5159 ut
1316 5119 1369 5160 non
1384 5103 1472 5158 solum
1485 5103 1583 5164 credas
1596 5101 1625 5156 in
1636 5099 1789 5163 Christum.
1808 5100 1858 5157 sed
1873 5115 1924 5171 pro

287 5193 333 5264 nui
347 5194 424 5249 testis
436 5202 478 5250 esi
487 5195 513 5250 in
524 5195 595 5252 corio
606 5195 704 5265 fidelis,
715 5197 792 5268 cujus
802 5212 884 5270 super
892 5199 945 5256 boc
955 5199 1079 5254 testimo·
1127 5196 1236 5253 Christo
1248 5197 1459 5268 ctiampatiaris.
1470 5195 1556 5252 Porta
1567 5211 1643 5267 erpo,
1652 5194 1924 5260 charissimeirater,

287 5286 624 5356 triurnsecurepossumus
641 5289 781 5346 inuocare.
801 5277 1077 5362 ddeoqnipperepni
1128 5285 1280 5357 incorpore
1304 5296 1351 5342 tuo
1380 5288 1510 5356 stigmata
1533 5287 1597 5344 lesu
1623 5287 1735 5353 Christi,
1765 5302 1818 5356 per
1841 5300 1925 5356 quem

288 5377 327 5432 tui
351 5369 557 5434 'exaltationem
595 5381 742 5449 diligimus,
772 5382 939 5452 privilegiata
970 5394 1077 5451 searper
1128 5380 1245 5435 mondus
1259 5378 1306 5435 tibi
1323 5379 1468 5435 cruciiixns
1482 5387 1560 5435 estet
1570 5386 1598 5433 tu
1611 5378 1721 5433 mundo.
1737 5374 1928 5434 Stabilisesto

288 5482 369 5539 opera
395 5473 619 5528 eorrrmendoutes
646 5488 706 5543 quae
732 5483 925 5543 processerunt
949 5471 983 5527 de
1007 5472 1076 5542 ipso,
1128 5477 1156 5527 et
1166 5471 1295 5526 adsersus
1307 5470 1457 5525 mundanas
1467 5469 1648 5525 adversitates
1663 5469 1824 5536 immobilis,
1838 5469 1928 5524 ahnn·

289 5559 361 5628 quod
374 5563 555 5631 squammies
572 5563 699 5620 Ecclesiae
711 5560 839 5620 Ronranae
863 5577 944 5634 quam
962 5561 1013 5633 ipsi
1035 5577 1079 5618 re·
1129 5563 1197 5618 dans
1212 5563 1239 5616 in
1253 5577 1334 5633 opere
1349 5562 1394 5617 liei
1418 5575 1535 5630 semper,
1558 5562 1648 5618 sciens
1672 5561 1746 5632 queri
1768 5560 1847 5618 labor
1861 5568 1930 5615 taus

290 5666 343 5720 pno
357 5653 552 5713 sustineremus
568 5671 694 5729 magnum
714 5655 816 5730 aliquid
830 5655 1012 5719 adversitatis,
1032 5669 1078 5717 ac·
1129 5661 1240 5714 nonest
1264 5653 1355 5710 inanis
1369 5655 1395 5709 in
1421 5653 1546 5720 benninc,
1571 5660 1599 5708 et
1625 5654 1697 5709 sient
1723 5652 1751 5708 in
1771 5661 1799 5709 te
1821 5653 1931 5709 christi

291 5741 392 5812 erdere,
407 5761 467 5804 cnm
479 5747 586 5806 iaciiius
601 5748 657 5806 haec
675 5765 758 5823 quarn
771 5749 837 5808 iilud
866 5749 901 5810 ab
924 5749 1077 5807 imminenti
1131 5748 1273 5819 passiones
1289 5745 1436 5816 abundant,
1448 5744 1486 5802 ita
1499 5753 1528 5803 ct
1553 5757 1603 5815 per
1632 5743 1772 5802 Christum
1803 5742 1939 5803 maridet
