4109 6325
216 286 270 347 ses
657 282 851 345 runocsuru
870 284 904 342 ιιι
921 274 1235 346 cessassemus
1254 288 1319 343 ιι.
1338 286 1399 347 ιι.
1800 288 1853 349 ιιι

216 416 260 465 ιιι
279 412 307 463 ιι
319 402 433 462 danseri
448 398 617 471 denegarunt
631 399 794 468 ingressum.
815 400 1008 457 Verumtamen
1024 400 1089 461 Aia
1116 402 1207 457 vittam
1224 411 1320 459 curura
1344 403 1429 473 ipsius
1452 413 1483 461 et
1506 402 1666 458 monasterii
1687 402 1853 472 libertatem,

217 501 329 572 quidam
343 497 376 553 de
389 492 531 551 muuaebls
542 490 700 545 monasteri!
715 491 843 547 antedicti
857 492 915 548 zelo
926 493 1008 549 dero·
1060 501 1163 563 septem
1175 507 1209 548 ιι
1223 494 1264 548 ιιι
1276 494 1348 564 eapti
1358 490 1479 558 luerunt,
1494 491 1609 564 reliquis
1622 490 1758 561 ederatis.
1769 493 1853 552 liateur'

216 592 302 648 tionis
317 598 447 645 accensos
464 581 610 655 quemdam
634 592 743 651 portam
761 582 843 650 ville,
866 592 1008 656 postquam
1060 583 1143 639 etiam
1159 594 1291 652 ceperunt
1313 584 1466 641 servientes
1485 584 1592 640 abbatis
1614 582 1642 638 iu
1664 582 1738 651 villa,
1755 585 1854 657 inqua

217 682 302 739 abbas
323 688 351 735 et
374 676 440 733 secli
462 676 549 745 ipsam
568 682 597 729 et
616 672 684 731 atius
707 674 911 742 circumierant,
934 690 1011 732 reve·
1061 688 1152 730 comes
1172 675 1302 744 prelatus
1327 676 1429 731 trullam
1452 677 1536 732 babet
1557 676 1712 747 justitiam,
1736 677 1800 734 licet
1827 680 1854 734 iu

217 780 312 829 renter
334 766 466 825 reseravit
485 767 577 821 ‘eidem
591 782 598 819 r
614 782 698 839 qnam
720 766 803 822 iidem
819 764 933 836 ingressi
954 766 1011 836 pri·
1061 764 1135 819 nrrlto
1146 764 1249 833 praetari
1263 767 1430 822 excesserint
1441 768 1604 833 servientes,
1616 777 1853 839 omnespractcrca

217 874 292 915 mam
306 866 411 927 partem
422 856 546 921 claustri,
561 855 764 927 quamquidam
780 845 1010 909 monacbieodenr
1061 844 1132 908 villae
1155 864 1249 924 portas
1266 864 1294 911 et
1307 855 1408 924 aditus,
1425 870 1476 927 per
1495 872 1566 929 quos
1590 860 1710 913 intratur
1732 860 1759 913 iu
1781 874 1852 926 cam,

216 953 277 1010 zelo
294 951 368 1006 ducti
384 949 491 1020 aperire
505 956 655 1015 curarunt,
674 946 823 1003 secondum
836 946 1011 1003 consuetudi-

217 1058 281 1101 nem
298 1042 403 1099 ordinis
426 1042 608 1097 intraverunt.
632 1038 689 1097 llue
711 1046 848 1109 comperto
866 1038 1011 1094 Gauiridus

216 1148 246 1194 et
261 1138 385 1194 urouaclri
401 1151 433 1192 ac
452 1136 604 1192 servientes
626 1134 735 1197 armati,
759 1146 827 1202 quos
850 1132 920 1187 idem
938 1132 1012 1187 Gau·

217 1230 305 1286 lridus
319 1229 354 1284 ιι
365 1229 437 1283 banc
450 1233 653 1298 preparaverat
667 1226 815 1292 victimam,
829 1225 862 1281 de
872 1225 1012 1294 carupaui·

217 1321 290 1377 libus
304 1330 332 1377 et
354 1317 579 1375 carrineutiuribas
596 1316 665 1372 locis
684 1316 711 1371 iu
733 1315 859 1371 abbatem
879 1324 908 1371 et
922 1316 1012 1371 socios

218 1414 324 1487 lapides
346 1414 464 1485 prandes
494 1422 522 1469 et
541 1412 642 1469 densus
665 1408 811 1466 crudeliter
830 1406 1011 1479 projecerunt.

219 1504 413 1563 Verumtamen
433 1505 588 1561 misericors
606 1503 735 1559 Dominus
749 1501 911 1558 miraculose
930 1500 1014 1557 abba·

218 1610 276 1657 ιιιιι
293 1598 411 1657 servavit
432 1598 543 1654 illaesum
557 1637 564 1663 ,
580 1596 644 1652 licet
661 1595 688 1651 ιιι
705 1609 805 1665 equum
819 1592 939 1663 ejusdem
954 1592 1013 1662 plu·

219 1706 266 1749 res
292 1690 383 1758 maqni
407 1689 536 1762 ponderis
560 1686 673 1760 proiecti
699 1686 804 1755 lapides
826 1684 1012 1750 exstitissent,

1062 946 1233 1016 postmodum
1258 945 1474 1013 obstruxerunt,
1502 962 1556 1003 noa
1585 949 1723 1019 patientes
1752 950 1854 1007 intrare

1062 1037 1217 1106 quempiam
1238 1036 1354 1107 peditent
1374 1041 1416 1095 vel
1434 1039 1553 1109 equitem
1570 1042 1603 1095 ad
1619 1042 1757 1097 abbatem.
1776 1040 1856 1111 ered

1062 1130 1085 1185 si
1103 1130 1245 1200 unusquam
1262 1138 1367 1200 portatu
1386 1130 1575 1201 ingrederetur
1589 1132 1712 1204 issrrotus,
1727 1136 1856 1201 custodes

1062 1218 1257 1290 perquirebant
1272 1221 1393 1290 ipsarum
1411 1236 1447 1276 ιι
1464 1221 1549 1277 lerrct
1565 1220 1672 1280 littems
1686 1226 1727 1279 vel
1745 1227 1855 1281 ιιιιιιι-

1063 1320 1132 1367 tum.
1155 1311 1249 1367 Abbas
1276 1311 1361 1383 igitar
1383 1312 1473 1368 taliter
1500 1311 1664 1383 impeditus,
1688 1324 1717 1371 et
1743 1314 1855 1373 allectus

1065 1406 1146 1462 tedio
1175 1421 1208 1462 ec
1235 1397 1385 1477 languore,
1403 1406 1532 1478 quoniam
1560 1406 1681 1486 cluniaci
1705 1409 1854 1480 capitulum

1064 1513 1184 1554 aunuum
1200 1513 1254 1554 uuo
1269 1507 1375 1568 poterat
1388 1498 1538 1565 celebrare,
1555 1499 1583 1553 iu
1598 1514 1652 1568 quo
1668 1498 1702 1557 de
1715 1500 1853 1570 sepedicti

1064 1592 1222 1647 monasterii
1251 1588 1446 1647 reformatione
1480 1591 1651 1660 potissimum
1680 1600 1709 1647 et
1739 1594 1853 1664 pecunia

1064 1680 1227 1752 'lemplariis
1250 1680 1418 1738 rciuudeuda
1443 1688 1563 1738 tractare
1586 1682 1764 1739 :reordinare
1791 1700 1854 1739 curu

219 1782 289 1839 adeo
312 1782 385 1852 quod
409 1779 480 1835 idem
501 1794 588 1849 equus
613 1779 640 1832 in
660 1784 777 1847 quatuor
798 1776 864 1832 locis
886 1775 1014 1846 appamit
1028 1750 1051 1806 Β
1065 1775 1209 1830 abbatibus
1222 1782 1251 1829 et
1262 1775 1399 1845 prioribus
1414 1774 1601 1845 disposuerat,
1616 1788 1652 1829 ue
1665 1784 1731 1830 tunc
1743 1776 1857 1833 abbates

219 1872 390 1945 volneratus.
405 1872 482 1928 Tunc
498 1872 582 1927 abbas
598 1880 651 1925 tam
668 1868 804 1925 atrocibus
817 1864 931 1925 allectus
943 1869 1013 1941 iniu-

219 1961 280 2027 riis,
293 1948 355 2017 eum
373 1961 412 2016 illi
432 1960 564 2031 projicere
585 1959 688 2031 lapides
708 1974 761 2015 nou
780 1968 931 2024 cessarent,
948 1972 1013 2014 cen-

218 2054 277 2111 suit
289 2052 374 2109 lurcri
392 2052 553 2116 cedendum,
575 2064 603 2107 et
622 2066 693 2124 equo
707 2051 798 2105 laxato
815 2048 904 2119 lugam
924 2049 1011 2119 petiit,

219 2154 249 2202 et
275 2161 306 2203 ιι
337 2144 439 2215 recepit
465 2144 492 2199 in
518 2143 620 2199 villam.
644 2143 730 2211 ercm
746 2140 856 2213 quidam
871 2141 1014 2211 burgensis

220 2244 358 2293 errantem
386 2234 540 2300 irrvenieus,
564 2242 592 2288 et
615 2234 691 2303 quasi
718 2234 752 2288 de
775 2234 871 2288 mortis
893 2230 1014 2301 periculo

220 2339 328 2383 erutum
350 2334 509 2381 trerneuteru
532 2325 596 2379 totis
614 2324 727 2380 artubus
744 2334 771 2380 et
791 2323 948 2394 pallentem,
964 2322 1014 2375 rni-

219 2418 369 2475 sericoulia
390 2430 480 2473 rrrotus
498 2416 576 2471 duxit
598 2416 625 2471 ιιι
645 2416 754 2470 ιοιιιιι
769 2430 858 2479 stram,
878 2423 906 2468 ct
920 2428 1013 2468 curam

219 2508 280 2579 ejus
293 2508 348 2579 eqit
366 2508 484 2563 illialiter
496 2516 524 2564 et
537 2506 643 2563 devote.
660 2507 687 2560 ln
703 2506 749 2560 illu
762 2514 852 2559 autern
869 2503 1013 2573 corallictu,

220 2600 330 2669 quando
365 2599 490 2653 abbatem
521 2607 549 2652 ιι
583 2595 672 2651 socios
706 2594 840 2665 lapidibus
872 2594 1014 2650 votuerunt

219 2692 348 2756 obruere,
373 2690 483 2760 quidam
505 2688 656 2744 servientes
679 2697 707 2742 et
732 2687 857 2741 rrrurraclri
883 2686 1014 2756 iuniorem

218 2792 328 2853 portam
348 2797 409 2836 cunr
423 2780 519 2850 gladiis
534 2787 562 2835 ιι
575 2779 692 2834 fustibus
706 2788 856 2844 ιιιιιιιι,
870 2779 1015 2833 sarcinulis

221 2881 351 2929 oneratos
369 2871 505 2926 retinuere
525 2879 580 2926 tres
600 2884 694 2939 equos,
712 2884 767 2925 rano
785 2870 819 2925 de
836 2870 942 2924 altinatis
956 2884 1015 2925 ser·

220 2965 360 3023 vientibus
377 2962 526 3021 vulueratu.
554 2964 607 3020 Sed
630 2972 657 3019 et
687 2966 720 3020 iis
742 2963 888 3020 Gaulridus
913 2974 941 3019 et
957 2964 1016 3033 ejus

1064 1876 1093 1923 ct
1117 1866 1224 1937 priores
1245 1866 1363 1921 inaniter
1387 1863 1568 1931 laborassent,
1595 1880 1663 1922 neve
1687 1866 1857 1937 propositum

1064 1962 1124 2034 ejus
1151 1962 1224 2017 eirca
1248 1959 1441 2016 relevationem
1471 1959 1593 2031 ejusdem
1622 1961 1781 2017 monasterii
1808 1974 1857 2017 sou

1065 2053 1219 2124 privaretur
1233 2048 1347 2115 ellectu,
1365 2048 1470 2104 vocatia
1485 2050 1519 2104 ιι
1534 2065 1564 2107 ιι
1583 2050 1728 2107 abbatibus
1743 2060 1772 2107 et
1785 2050 1859 2120 prio-

1066 2144 1143 2199 ribus
1167 2144 1238 2198 idem
1259 2141 1407 2211 capitulum
1432 2143 1503 2211 apud
1526 2140 1694 2197 Cbaritatem
1719 2141 1859 2200 celebrare

1066 2235 1199 2299 decrevit,
1226 2235 1343 2290 eredens
1369 2234 1532 2289 auctoritate
1554 2248 1588 2289 ιι
1610 2234 1755 2303 praeseutia
1769 2243 1858 2290 tanto-

1067 2344 1128 2382 rum
1147 2327 1268 2381 virorum
1293 2338 1373 2393 posse
1397 2326 1526 2395 prelatos
1546 2326 1691 2382 rebeliesa
1709 2342 1758 2382 sua
1775 2327 1861 2397 perti·

1066 2418 1147 2473 uacia
1173 2414 1306 2472 revocari.
1333 2412 1502 2472 Venerabilis
1522 2430 1631 2487 quoqne
1654 2418 1740 2471 irater
1767 2424 1860 2474 ιιιιιι

1067 2508 1255 2565 Gebenoeusis
1274 2509 1417 2579 episcopus
1433 2516 1461 2563 ct
1477 2506 1508 2561 ll.
1526 2506 1668 2562 liemcusis
1688 2506 1858 2563 arelridiaco·

1068 2616 1129 2666 nus,
1141 2602 1212 2657 sicut
1222 2599 1280 2656 suis
1293 2599 1371 2655 nobis
1382 2599 1484 2654 litteris
1497 2600 1670 2666 intiruamnt,
1685 2608 1859 2656 arcesserunt

1066 2692 1226 2747 titaniacnur
1243 2694 1277 2746 ad
1296 2690 1444 2762 capitulum
1469 2690 1614 2761 generaie;
1630 2690 1678 2745 sed
1699 2706 1760 2745 curn
1774 2692 1859 2746 abbas

1067 2797 1159 2852 seper
1174 2798 1238 2839 suas
1250 2782 1357 2839 litteras
1369 2791 1526 2839 excusasset
1539 2780 1611 2851 qnotl
1627 2782 1691 2837 illud
1707 2782 1747 2838 ire
1763 2782 1860 2851 nequi-

1068 2881 1146 2928 verat
1178 2889 1193 2928 a
1221 2874 1311 2945 priore
1335 2888 1367 2929 ae
1394 2874 1537 2930 rvronaelris
1563 2874 1597 2929 dc
1618 2873 1768 2940 Cbaritate,
1789 2888 1860 2942 equus

1068 2965 1254 3021 inobedientes
1267 2974 1294 3019 et
1309 2962 1422 3020 rebelles
1440 2965 1592 3030 invenerat,
1611 2965 1730 3035 graviter
1742 2964 1858 3033 impedi·

220 3058 370 3129 centuplices
386 3072 439 3112 nou
460 3058 592 3121 coarteuti,
614 3058 735 3128 quinimo
755 3057 833 3113 ruarlis
856 3057 1015 3127 adjicientes
1030 3090 1053 3153 c
1070 3066 1112 3112 tus
1128 3066 1154 3111 et
1175 3054 1334 3112 diffinitores
1348 3056 1459 3128 capituli
1480 3057 1514 3112 ιι
1535 3056 1700 3113 Clraritatern
1714 3074 1776 3110 cum
1791 3074 1860 3111 urrai-

219 3148 328 3223 pejora,
344 3148 451 3206 balivos
463 3148 572 3205 convitis
588 3149 730 3204 ιιιιιοιιιι
745 3150 771 3202 in
787 3163 870 3217 grave
890 3148 1016 3219 prejudi-

221 3245 295 3301 cium
319 3242 476 3298 mouastsrii
495 3251 576 3312 atquc
599 3241 669 3296 villae
690 3242 723 3296 ιιι
746 3255 857 3296 ιιιοιιιιι
878 3241 1017 3297 ιιιιιιιο-

221 3349 286 3390 nem
303 3333 454 3389 iocinerum
468 3342 495 3387 et
507 3333 577 3402 juris
587 3334 791 3403 oppressionem
807 3348 856 3389 uec
869 3349 921 3388 nou
934 3333 1018 3390 abba·

222 3423 259 3482 tis
273 3433 301 3482 et
314 3423 418 3479 ordinis
432 3423 601 3479 advocarunt
620 3440 627 3478 ι
644 3439 759 3496 quorum
778 3424 919 3494 presentia
936 3435 963 3478 ιι
978 3421 1017 3478 ιι-

223 3531 289 3574 ιιιι
302 3517 463 3588 campanilia
477 3525 505 3572 et
518 3515 570 3571 alia
583 3516 641 3572 loca
654 3516 769 3572 eutitium
780 3517 874 3584 arinis,
886 3517 1016 3585 arcobus,

224 3607 331 3665 balistis
347 3615 376 3664 ιι
397 3606 533 3678 lapidibus
548 3605 707 3662 munierunt
729 3607 762 3662 de
783 3615 879 3671 nocte,
895 3607 932 3661 ita
948 3606 1018 3662 cele·

221 3701 337 3758 beantes
365 3701 494 3758 excubias
521 3701 661 3766 cornibus,
683 3698 837 3764 cantilenis,
851 3695 969 3764 tistulis,
991 3707 1020 3752 et

225 3792 345 3850 clamore
361 3808 395 3849 ac
409 3793 431 3850 si
447 3803 564 3850 castrum
580 3791 721 3848 obsessum
736 3790 771 3846 ab
787 3790 911 3846 lrostibus
927 3801 1019 3846 casto·

222 3884 326 3949 tlireut,
342 3897 498 3955 quanquam
522 3883 607 3938 abbas
626 3897 676 3952 per
693 3882 850 3938 violentiam
867 3884 1019 3954 irrumpere

225 3976 388 4038 claustrrun,
410 3975 460 4030 etsi
486 3981 594 4042 posset,
616 3971 771 4030 nullatenus
796 3975 943 4038 noluisset,
971 3977 1019 4030 scd

226 4067 306 4122 nobis
321 4066 469 4120 vindictam
491 4065 582 4134 potius
598 4077 748 4120 reservare.
769 4063 919 4122 attendens
938 4064 1020 4136 igitur

226 4159 298 4214 idern
315 4155 400 4211 abbas
415 4154 486 4225 quod
505 4153 652 4210 Gauiridus
671 4162 698 4210 ct
714 4153 755 4210 sui
774 4155 874 4211 uullanr
896 4155 1020 4211 admoni-

227 4249 329 4304 tionem
345 4245 536 4311 admittereut,
551 4260 658 4315 seraper
674 4247 802 4312 claustri,
816 4249 898 4303 eurise
914 4261 946 4303 ac
961 4264 1018 4304 rura-

225 4339 441 4412 iurisecclesiae,
458 4355 508 4395 nec
528 4355 582 4395 non
602 4340 728 4396 carnibus
747 4339 867 4396 aditibus
884 4341 1021 4397 obseratis

1068 3150 1188 3218 gregatis
1204 3148 1302 3205 ibidcur
1325 3150 1464 3219 prioribus
1487 3156 1638 3215 evocasset,
1660 3159 1690 3203 nt
1704 3148 1740 3204 tbi
1756 3158 1812 3203 tarn
1828 3148 1861 3202 de

1071 3241 1218 3296 rebellione
1245 3241 1346 3311 prioris
1365 3252 1393 3296 ιι
1420 3243 1613 3297 rrrunacburum
1641 3256 1723 3311 quam
1744 3240 1778 3294 dc
1801 3238 1861 3293 aliis

1069 3333 1181 3402 aqerrdis
1201 3335 1383 3390 eomnrnuiter
1403 3343 1579 3401 tractaretur,
1598 3333 1679 3389 iidem
1703 3331 1862 3387 diffinitores

1069 3439 1131 3480 curra
1144 3425 1280 3494 prioribus
1298 3426 1332 3481 ιι
1346 3430 1502 3483 vnarrdaturu
1516 3425 1640 3488 abbatis,
1654 3432 1682 3481 ct
1699 3424 1860 3494 episcopus,

1069 3525 1098 3572 et
1125 3515 1334 3573 archidiaconus
1360 3518 1394 3573 ad
1420 3521 1514 3589 preces
1538 3519 1676 3588 ipsoram,
1706 3530 1768 3570 curn
1796 3515 1863 3584 ipsis

1069 3609 1211 3677 usquead
1238 3617 1360 3665 castrum
1378 3610 1449 3679 quod
1470 3609 1592 3665 ιιιιιιιιι
1616 3608 1718 3663 ιιιιιιι·
1735 3619 1861 3660 accesse-

1072 3710 1146 3757 rant.
1162 3701 1264 3759 ibidem
1280 3703 1471 3761 didiuitoribns
1493 3713 1521 3761 et
1540 3703 1676 3775 prioribus
1697 3699 1862 3758 remanenti·

1070 3795 1131 3859 bns,
1145 3794 1225 3851 iidem
1243 3794 1388 3866 episcopus
1405 3808 1434 3851 ιι
1451 3795 1660 3851 archidiaconus
1672 3795 1706 3848 ad
1722 3789 1861 3864 praelatam

1070 3885 1161 3940 villam
1178 3886 1295 3952 iverunt,
1317 3887 1350 3942 de
1375 3901 1443 3957 pace
1464 3901 1524 3943 cum
1546 3887 1691 3956 sepedicto
1713 3886 1812 3942 abbate
1834 3895 1862 3942 ct

1071 3977 1163 4048 priore
1182 3990 1215 4031 ac
1229 3977 1370 4033 morraclris
1388 3977 1474 4048 ipsius
1491 3978 1647 4032 rarvvnasterii
1662 3979 1796 4043 locrrturi;
1814 3980 1862 4032 sed

1071 4068 1340 4138 inveneruntjauuas
1352 4066 1504 4124 obseratas.
1521 4065 1694 4137 liegareruut
1710 4076 1800 4123 autern
1815 4083 1864 4123 eus

1071 4172 1140 4228 qnos
1161 4161 1284 4213 viderant
1309 4173 1389 4228 snpra
1418 4172 1510 4213 neuros
1531 4165 1561 4211 ut
1580 4159 1653 4226 ipsus
1674 4158 1862 4228 perruittcrcut

1072 4252 1197 4307 introire.
1213 4251 1266 4319 Qui
1282 4251 1480 4321 responderunt
1491 4229 1592 4305 eisdem
1606 4249 1678 4319 quud
1692 4251 1753 4305 sine
1763 4251 1863 4321 prioris

1074 4343 1202 4398 mandatu
1218 4343 1372 4398 nullatcnus
1387 4341 1454 4411 ipsis
1467 4351 1573 4412 pateret
1584 4341 1733 4412 ingressus.

226 4449 277 4506 per
291 4447 360 4504 qnos
372 4434 464 4489 adeas
476 4431 568 4490 baberi
584 4441 675 4502 posset
688 4447 826 4498 accessus,
841 4432 934 4488 babitu
945 4433 1018 4488 viru·
1036 4447 1060 4503 1)
1108 4433 1175 4488 Cant
1194 4425 1260 4505 ergo
1275 4433 1386 4504 quidam
1402 4433 1526 4488 serviens
1540 4431 1647 4485 corruitis
1661 4433 1802 4486 urerrrorati
1823 4433 1863 4485 iu·

228 4541 291 4582 rum
306 4526 494 4596 religiosorum
515 4526 639 4590 consilio,
662 4525 746 4595 ipsius
766 4523 888 4580 Gaulridi
903 4535 930 4582 ct
947 4541 1021 4582 com·

226 4617 329 4690 plicuru
344 4617 403 4688 ejus
418 4618 504 4682 eolpis
524 4618 741 4675 clarescentibus
759 4616 913 4680 evidenter,
932 4619 1020 4688 ipsum

229 4721 360 4780 tauquam
385 4709 595 4776 inobedientem,
621 4708 761 4774 rebellem,
786 4719 973 4765 corttuuracem
995 4719 1022 4766 ιι

220 4783 438 4874 'dilapidatorem
469 4801 669 4857 sententialiter
706 4803 807 4857 amovit
835 4817 850 4856 ι
888 4803 1021 4872 regimine

227 4893 377 4965 prioratus,
392 4902 419 4950 et
442 4902 496 4948 tam
524 4895 612 4974 ipsum
637 4910 719 4967 quam
739 4909 834 4950 ornnes
856 4895 906 4951 sibi
932 4895 1022 4953 taliter

1074 4532 1241 4596 ter-rugasset
1256 4527 1302 4595 qni
1318 4534 1419 4593 essent,
1432 4535 1459 4580 et
1475 4525 1541 4595 ipsis
1555 4526 1780 4597 respondentibus
1794 4527 1863 4580 diti-

1072 4618 1165 4683 eisset,
1182 4629 1292 4687 rogatus
1311 4621 1345 4674 ab
1364 4620 1404 4674 cis
1424 4619 1457 4674 ad
1478 4623 1597 4687 priorem
1615 4621 1731 4673 arcessit
1751 4627 1782 4672 ut
1796 4618 1863 4686 ipsis

1073 4711 1242 4779 ingrediendi
1258 4711 1394 4767 licentiam
1415 4711 1582 4780 impetraret.
1599 4710 1658 4778 Quo
1680 4724 1783 4764 ιιιιίιι
1801 4708 1862 4760 din·

1074 4802 1127 4857 tius
1153 4805 1339 4873 protrahente,
1366 4803 1437 4859 idem
1463 4802 1671 4857 archidiaconns
1695 4802 1804 4857 divertit
1828 4799 1862 4855 ad

1074 4893 1154 4948 aliam
1173 4893 1245 4948 uittae
1272 4904 1388 4964 portatu,
1414 4902 1522 4950 tentans
1551 4895 1574 4947 si
1602 4894 1683 4948 aliuur
1709 4893 1861 4964 ingressura

229 4982 400 5037 adbaerentes
423 4982 532 5039 viuculo
559 4984 847 5041 excommunicationis
877 4985 1020 5054 ιιιοιιιι,
1073 4995 1184 5056 possent
1199 4985 1315 5053 lraberc;
1335 4987 1383 5042 sed
1399 4987 1466 5041 nibil
1485 4987 1596 5042 omuino
1609 4983 1733 5056 proiecit.
1749 4984 1789 5037 Ad
1802 4982 1864 5037 ulti·

229 5071 376 5129 ecelesiam
389 5073 533 5145 supposuit
550 5075 703 5140 interdictu,
722 5075 809 5133 donec
826 5077 972 5132 redeuntes
988 5078 1022 5132 ιι
1073 5092 1148 5131 muru
1163 5093 1228 5133 vero
1246 5087 1307 5147 pust
1327 5079 1555 5148 exspectationem
1577 5093 1630 5133 non
1649 5076 1784 5132 modicam
1805 5089 1864 5129 ser-

230 5179 279 5221 cur
293 5166 427 5237 condigne
438 5168 628 5224 satisfacerent
640 5168 674 5223 ιι
686 5177 739 5222 taur
753 5167 912 5224 enormibus
927 5183 1022 5225 eacus·
1073 5169 1149 5225 vicus
1164 5169 1273 5225 comitis
1283 5185 1441 5240 responsum
1453 5170 1605 5237 lvujnsvuudi
1614 5169 1780 5240 reportavit,
1792 5167 1864 5236 quod

230 5257 308 5314 sibus
328 5264 357 5312 et
380 5257 500 5314 oli'ensis.
526 5258 578 5329 lpsi
602 5275 667 5317 reru
693 5275 800 5332 semper
825 5261 966 5330 proniores
989 5263 1024 5318 ιι
1074 5277 1128 5318 non
1144 5263 1415 5334 ingrederenturuilu
1429 5263 1518 5327 nrodo,
1533 5276 1566 5316 eu
1583 5264 1655 5332 qnod
1667 5263 1701 5316 ad
1714 5259 1861 5331 capitulum

230 5346 320 5418 pejus,
336 5351 485 5406 sententias
504 5349 531 5404 iu
552 5365 598 5406 eos
614 5352 655 5406 sic
672 5349 741 5408 latas
757 5353 954 5409 rationabiliter
968 5367 1022 5408 non
1075 5364 1246 5408 accesserant
1260 5352 1395 5422 generale.
1417 5351 1463 5407 Sic
1483 5365 1547 5422 erqo
1568 5351 1640 5420 passi
1663 5348 1864 5420 repulerunt

232 5451 396 5508 servantes,
427 5443 543 5514 pulsatis
572 5445 712 5514 campanis
737 5443 826 5501 diviua
857 5451 1024 5514 presumunt
1076 5443 1227 5497 nrarcbiam
1251 5442 1399 5498 redieruut.
1425 5440 1474 5494 bie
1495 5454 1561 5494 veru
1587 5441 1712 5507 sequenti
1737 5437 1864 5509 praelatus
1909 5483 1913 5489 .

235 5531 395 5592 selemniter
407 5535 554 5592 celebrare.
1078 5533 1223 5602 episcopus
1243 5531 1403 5600 magistmm
1422 5530 1576 5602 Philippum
1599 5527 1741 5586 edictalem
1769 5531 1863 5586 liiver·

270 5625 406 5681 Ceterum
416 5641 478 5682 cum
489 5627 552 5697 equi
565 5625 672 5681 abbatis
687 5623 854 5682 ducerentur
867 5639 901 5680 au
913 5639 1023 5694 aquam,
1076 5640 1188 5681 pensem
1203 5625 1307 5695 roqavit
1326 5632 1357 5679 ut
1371 5623 1491 5694 priorem
1509 5623 1607 5692 adiret,
1623 5631 1651 5679 et
1667 5625 1720 5680 sibl
1734 5632 1763 5679 et
1775 5621 1865 5679 arabi·

234 5715 269 5770 ab
283 5713 439 5776 bominibus
453 5717 561 5778 comitis
571 5716 712 5792 antedicti,
728 5731 797 5791 quos
816 5715 1193 5806 innotuerunt-„diacono
1203 5715 1556 5802 *morerer-etniuqressuu,
1576 5713 1734 5798 ιιιιιιιιι
1747 5713 1782 5772 ιι
1797 5726 1864 5793 paee
