4109 6325
301 331 355 390 ἄδι
738 327 935 389 tuhocttltftt
954 328 989 384 111
1007 328 1060 386 PP.
1081 329 1318 392 nucustotttttt
1336 333 1403 391 hta.
1423 331 1495 392 xtt.
1875 324 1927 385 ⁸5⁶

303 445 387 504 clesia
399 455 444 504 tua
459 459 520 505 esse
530 453 693 513 noscuntur,
705 445 772 501 duas
793 445 828 502 de
842 459 914 503 noro
928 445 962 502 dn
978 445 1091 502 redditi·
1105 453 1126 510 Α
1142 447 1288 516 Dominus,
1307 448 1409 520 quique
1435 447 1582 503 inultorum
1610 441 1764 516 superbiam
1781 455 1929 514 pancorum

283 534 288 544 ’
303 537 356 594 bus
374 555 474 597 mensae
486 550 539 596 tuae
551 552 646 594 creare
656 538 785 608 disponas
796 545 824 594 et
838 539 871 594 de
884 547 991 594 tuorum
1005 552 1089 594 cano·
1140 537 1292 594 humilitate
1307 537 1470 610 prostrauit3
1487 537 1558 593 sicut
1571 536 1614 590 nir
1624 544 1753 592 strenuus
1766 542 1795 588 et
1805 531 1930 589 robustus

303 630 426 686 nieorum
438 645 549 686 assensn
563 638 697 697 statuere,
707 638 738 686 ut
753 629 884 686 uicesimo
896 629 1089 686 canonicorum
1141 630 1212 686 dans
1225 631 1343 686 studium
1355 629 1470 702 diligens
1484 640 1512 685 et
1521 643 1632 699 operam
1647 626 1780 682 adhibens
1790 639 1851 680 curn
1871 625 1931 682 aliis

289 703 417 776 'numero
440 720 536 776 eadem
561 720 682 777 Ecclesia
710 721 747 777 sit
769 730 907 788 contenta,
926 720 1089 776 fraternitati
1141 720 1266 777 fidelibus
1278 719 1415 777 efficacem
1431 722 1465 776 nd
1483 716 1680 775 eliminandam
1696 731 1711 771 a
1725 724 1800 771 terra
1826 721 1928 781 saneto,

302 818 367 878 tuae,
381 810 415 866 de
428 811 505 882 cujus
525 812 691 869 discretione
709 814 816 884 plenam
841 813 967 869 fiduciam
987 812 1091 869 obtine-
1141 810 1231 868 divina
1248 821 1387 882 praeennte
1412 809 1543 882 potentia,
1560 807 1720 880 spurcitiam
1749 821 1928 878 paganorum,

301 915 373 966 nnus,
387 915 438 970 per
454 903 601 974 apostolica
615 905 716 974 scripta
738 903 900 960 mandamus
919 905 1090 976 qnatennsid
1141 903 1174 959 tle
1187 904 1281 975 gratiae
1296 914 1394 961 nostru
1414 902 1509 958 farore
1524 915 1639 957 securus
1664 899 1736 970 qnod
1751 897 1929 968 apostolicum

300 1008 382 1064 snper
395 994 447 1061 his,
462 995 568 1052 sublato
579 996 722 1068 cuiuslibet
735 995 921 1067 appellationis
937 1006 966 1053 et
980 1007 1090 1055 contra·
1141 1004 1195 1052 tatu
1212 997 1260 1052 tibi
1277 1013 1357 1069 qnam
1374 996 1411 1052 illi
1436 1005 1516 1052 terrae
1526 1008 1581 1051 non
1597 987 1833 1048 deerit'auxilium
1846 989 1875 1045 in
1888 990 1929 1046 his

299 1083 426 1141 dictionis
436 1086 588 1160 obstaculo,
600 1088 632 1144 de
645 1097 751 1145 tuorum
771 1089 964 1145 canonicorum
977 1104 1089 1147 assensn
1139 1105 1200 1160 quae
1222 1089 1369 1145 uiderimus
1383 1087 1512 1156 expedire
1532 1099 1565 1141 ac
1581 1083 1658 1140 nohis
1670 1082 1761 1138 divina
1775 1080 1930 1138 misericor·

300 1176 452 1234 constituas
463 1181 536 1250 qarod
550 1181 702 1236 anintarum
714 1181 797 1238 saluti
809 1192 838 1240 et
855 1183 977 1258 eiusdem
995 1183 1090 1242 Eccle-
1140 1183 1183 1238 dia
1199 1180 1373 1239 ministrabit.
1387 1179 1455 1248 Quia
1470 1193 1535 1234 reno
1547 1175 1660 1233 dilectus
1684 1172 1757 1229 lilius
1777 1171 1807 1226 S.
1824 1171 1930 1227 theson·

300 1263 349 1320 siae
361 1266 471 1323 utilitati
482 1269 582 1325 rideris
596 1270 734 1339 expedire.
1140 1275 1229 1332 rarius
1238 1274 1422 1331 Antiochenus
1433 1287 1463 1329 se
1476 1270 1569 1328 multis
1584 1265 1720 1340 pressuris
1739 1264 1867 1336 exposuit
1881 1277 1930 1336 pru

336 1354 444 1426 flatum,
458 1367 486 1413 ιιι
500 1361 527 1414 in
537 1359 601 1416 ntia.
1141 1364 1193 1420 tuis
1206 1365 1319 1436 negotiis
1333 1365 1405 1435 apud
1416 1363 1508 1420 sedem
1527 1358 1704 1430 apostolicam
1730 1355 1891 1423 laborando,
1902 1361 1929 1412 et

651 1451 744 1506 thll.
1139 1471 1171 1512 ea
1190 1464 1319 1526 tanquam
1334 1455 1377 1511 nir
1391 1455 1510 1526 prudens
1538 1458 1684 1510 exsecutus
1710 1457 1752 1505 est
1775 1446 1928 1520 diligenter,

513 1601 516 1604 ,
649 1559 742 1598 xtussu·
1140 1549 1228 1618 ipsum
1247 1547 1296 1604 tihi
1307 1547 1464 1618 apostolicis
1479 1544 1580 1601 litteris
1597 1541 1724 1598 duximus
1733 1538 1928 1595 commendan-

338 1693 344 1698 ,
388 1629 645 1699 beporreaaionihm
660 1635 797 1689 donatista
814 1636 1000 1707 etnplrpteoriu.
1139 1639 1214 1705 dnm,
1224 1646 1351 1710 rogantes
1361 1635 1549 1707 quatenusob
1564 1631 1747 1688 reverentiam
1771 1627 1844 1685 beati
1856 1627 1930 1683 Petri

545 1724 666 1797 (ilatum,
678 1736 705 1780 ut
722 1727 749 1781 io
763 1728 840 1799 olio.)
1139 1739 1167 1786 et
1180 1739 1299 1786 nostram
1319 1730 1408 1785 taliter
1426 1728 1530 1784 habeas
1556 1721 1775 1781 commendatum
1802 1719 1929 1776 eamdent

332 1812 399 1873 curn
413 1815 535 1884 quandam
551 1819 736 1888 possessiones
756 1819 883 1876 Ecclesiae
898 1829 950 1874 tuae
968 1820 1086 1879 deterio-
1104 1789 1210 1893 nqnod
1224 1823 1295 1878 idem
1310 1820 1473 1893 apostolicas
1501 1831 1599 1889 preces
1623 1814 1694 1886 apud
1717 1821 1743 1869 te
1765 1813 1818 1868 sibi
1832 1811 1931 1868 sentiat

297 1903 429 1960 rataesint
442 1905 588 1975 plurimum
603 1919 715 1982 propter
724 1925 837 1983 guerras
850 1910 937 1982 (226),
949 1920 977 1965 et
990 1926 1087 1966 conce·
1137 1914 1285 1986 proluisse,
1302 1928 1334 1970 ac
1348 1912 1395 1969 alii
1419 1909 1543 1981 exemplo
1559 1908 1644 1979 ipsius
1660 1907 1693 1962 ad
1706 1914 1752 1961 tua
1764 1912 1791 1959 et
1801 1901 1929 1958 Ecclesia
2035 1949 2036 1978 3

297 1994 379 2054 dendi
392 2001 502 2056 easdem
518 2001 545 2058 in
560 2005 748 2075 emphyteosin
759 2004 802 2061 nel
813 2006 847 2061 ad
861 2005 966 2060 ioniam
980 2022 996 2059 a
1009 2006 1087 2061 nobis
1137 2007 1312 2063 hntioclrenae
1323 2004 1452 2075 obsequia
1468 2001 1567 2058 lortius
1582 2000 1748 2056 animentur.
1762 1995 1803 2052 hd
1815 1997 1885 2058 haec,
1897 1995 1929 2050 de

296 2080 435 2140 licentiam
449 2087 559 2143 duxeris
574 2089 773 2159 postulandam,
789 2091 953 2148 fraternitati
975 2102 1038 2159 tuae,
1054 2093 1088 2149 de
1138 2097 1457 2166 cruceaureaetdiaspro
1468 2095 1546 2151 nobis
1556 2107 1588 2149 ex
1601 2099 1676 2164 parte
1689 2100 1733 2147 tua
1744 2104 1793 2161 per
1804 2089 1930 2145 eumdem
2035 2099 2036 2134 1

296 2171 375 2243 cnjus
387 2175 551 2234 discretione
575 2178 681 2250 plenam
706 2168 832 2238 fiduciam
852 2183 1016 2252 obtinemus,
1039 2198 1088 2254 per
1138 2187 1287 2244 liberaliter
1296 2187 1626 2259 praesentatisssratiarum
1638 2182 1689 2240 tihi
1698 2178 1931 2239 referimusaetio

296 2269 448 2338 apostolica
463 2270 566 2342 scripta
581 2273 742 2330 mandamns
756 2283 891 2344 quatenns
905 2291 987 2348 super
999 2276 1043 2332 bis
1052 2275 1087 2331 ad
1138 2293 1212 2336 nes.

295 2355 424 2416 Ecclesiae
439 2369 491 2417 tnae
506 2364 678 2420 commodum
702 2379 764 2419 eum
782 2366 891 2434 capituli
922 2366 960 2421 tui
989 2382 1086 2423 assen-
1173 2367 1269 2423 ilatum
1279 2361 1931 2438 Laterani,tnldusfunii,pontificatusnostri
2035 2363 2036 2366 ’

295 2461 328 2504 su
343 2448 419 2522 (att)
432 2449 517 2508 facias
529 2455 602 2524 quod
619 2454 720 2512 rideris
731 2456 871 2531 expedire.
1074 2525 1077 2532 Δ
1137 2473 1209 2515 anno
1219 2469 1318 2530 quarto
1335 2461 1451 2515 decimo.

330 2539 438 2609 batum,
451 2550 481 2596 ut
490 2543 517 2598 t'rt
532 2541 587 2598 ulia
598 2559 645 2614 per
658 2553 753 2599 totum.
1475 2549 1592 2608 Lxxttt.

599 2634 631 2719 ¹l.
648 2636 670 2691 li
687 2636 710 2692 x
725 2638 736 2694 l
750 2639 771 2694 l.
1155 2654 1323 2698 ntoaosrrnst
1349 2657 1555 2700 nncnterrscoro
1573 2658 1609 2698 ar
1629 2654 1823 2698 snrrntcattets
1839 2653 1915 2696 attus.

642 2727 735 2786 sancit.
1242 2732 1327 2804 Super
1339 2733 1501 2788 dissensione
1517 2734 1550 2788 de
1563 2749 1643 2804 repon
1658 2730 1686 2786 N
1688 2733 1819 2803 ortucpt'oe.

454 2817 595 2876 ‘Hortatur
608 2837 667 2876 eunt
683 2823 719 2877 nd
733 2825 917 2881 conatoutium.
1338 2824 1487 2897 (laterani,
1507 2839 1544 2880 rat
1564 2823 1625 2880 idus
1635 2823 1730 2894 lunii.)

498 2910 649 2982 (Laterani,
661 2927 698 2966 ιιι
714 2911 775 2968 ldus
786 2912 884 2983 lunii.)
1169 2916 1210 2973 ad
1224 2927 1345 2972 nostram
1361 2914 1672 2970 araveritisaudientiam
1686 2911 1842 2985 pervenisse
1858 2909 1933 2996 quod
2035 2897 2036 2970 i

331 2999 440 3056 Siterra
455 2999 510 3068 ilia,
523 3001 550 3057 in
559 3017 683 3075 quarem
694 3019 746 3074 pax
763 3013 853 3060 nostra
867 3004 996 3065 Dominus
1005 3005 1084 3064 fesut
1134 3006 1251 3064 obeunte
1271 3007 1377 3073 Streno,
1397 3005 1444 3076 qui
1470 3001 1626 3074 Norwepiae
1654 3017 1733 3075 regno
1748 3001 1932 3072 presederat,
2035 2981 2036 3022 ¹

294 3089 429 3158 Christus,
445 3093 495 3165 qui
511 3092 577 3149 fecit
598 3102 714 3165 utraque
732 3111 828 3164 unum,
842 3111 893 3168 pro
919 3095 1008 3155 salute
1032 3099 1083 3155 hu·
1096 3125 1121 3191 c
1135 3098 1255 3156 fautores
1280 3099 1356 3170 eius,
1382 3097 1427 3169 qui
1452 3095 1593 3153 Birltihani
1619 3097 1763 3161 dicuntur,
1780 3095 1933 3167 qtremdaru
2035 3089 2036 3110 1

294 3182 368 3240 nuni
383 3184 573 3255 generisnasci
585 3185 774 3258 dignatusest,
788 3187 834 3244 illo
847 3188 1024 3259 perturbante
1036 3192 1082 3269 qui
1135 3191 1222 3261 ipsius
1239 3199 1364 3263 nepotem
1380 3190 1508 3261 luponem
1522 3188 1632 3246 nomine
1646 3186 1793 3244 sublimare
1803 3186 1934 3243 niteban-
2035 3212 2036 3239 ι

292 3274 534 3333 uoniterunitersa
549 3292 619 3349 pene
631 3278 706 3334 orbis
718 3286 799 3335 terrae
809 3279 986 3340 fundamenta
1005 3296 1080 3339 com·
1135 3289 1178 3336 tur
1191 3280 1217 3335 in
1235 3294 1336 3351 regem.
1351 3279 1473 3355 Quorum
1489 3278 1633 3335 conatibus
1659 3276 1710 3331 riri
1730 3275 1881 3347 prudentes
1904 3285 1934 3333 et

293 3366 387 3434 morit,
400 3368 539 3438 pressuris
554 3369 672 3427 diuersis
694 3371 849 3441 exponitur,
866 3373 1083 3442 perturbationi·
1133 3372 1247 3441 nobiles,
1262 3372 1309 3443 qui
1333 3386 1418 3443 genus
1440 3370 1543 3442 regium
1576 3367 1725 3438 Nornegire
1749 3367 1829 3439 plene
1844 3381 1934 3423 nose-
2035 3422 2036 3449 ἶ

291 3457 345 3515 but
357 3468 566 3531 cortqnassatnr,
582 3470 610 3516 et
625 3462 801 3535 impugnatur
816 3461 901 3527 etiam
915 3462 950 3528 ab
963 3464 1084 3524 inimicis
1133 3469 1205 3528 rant,
1221 3462 1382 3537 resistentes
1395 3460 1523 3531 juvenem
1545 3460 1690 3530 quemdam
1709 3458 1865 3529 Philippum
1881 3474 1937 3514 no·-
2035 3456 2036 3507 l

291 3550 412 3607 nominis
429 3550 591 3620 Christiani,
603 3552 709 3615 nunsic
728 3551 791 3611 tuus
806 3554 914 3613 animus
932 3554 1014 3613 dehet
1034 3573 1083 3631 pru
1134 3552 1246 3618 ntine‚a
1267 3550 1348 3608 clarae
1374 3552 1512 3608 memoriae
1536 3549 1635 3621 blapno
1648 3558 1676 3605 et
1688 3548 1790 3620 ingone
1804 3549 1933 3620 anitiquis
2035 3572 2036 3625 p

290 3641 336 3699 ftis
349 3640 468 3711 dejiciet
483 3643 596 3704 interius
615 3644 780 3701 commoneri
796 3645 862 3717 quin
887 3652 914 3701 te
927 3645 1018 3703 taliter
1036 3662 1082 3718 por
1133 3654 1161 3699 et
1173 3644 1314 3701 catholicis
1336 3643 1486 3716 llorwegiae
1495 3642 1605 3715 regibus
1620 3641 1772 3697 trahentem
1783 3640 1933 3713 originem,
2035 3630 2036 3667 1

291 3732 404 3803 spiritua
426 3733 612 3792 fortitudinem
628 3734 663 3791 ad
683 3734 847 3799 tentationes
868 3750 989 3807 exponas
1010 3740 1083 3809 qnod
1134 3734 1266 3806 insignem
1285 3750 1395 3807 genere.
1411 3749 1443 3791 ac
1467 3750 1573 3792 morum
1590 3736 1732 3793 honestate
1753 3731 1932 3804 praeclarum,
2035 3776 2036 3811 Ξ

290 3823 364 3880 idern
380 3825 452 3881 eirca
466 3826 657 3887 tribulationes
668 3828 825 3900 hnjusmodi
840 3830 931 3900 potius
943 3830 1080 3897 dilatetur,
1133 3826 1161 3881 in
1185 3839 1274 3897 regem
1299 3826 1473 3883 concorditer
1498 3825 1647 3896 elegerunt.
1661 3824 1730 3893 ipsis
1760 3823 1854 3893 itaque
1881 3837 1934 3895 pro
2035 3824 2036 3885 1

290 3914 320 3970 in
331 3915 535 3974 infirmitatibus
547 3910 768 3989 gloriandomuia
781 3919 868 3977 fidelis
878 3921 959 3990 Deus,
969 3922 1014 3992 qui
1028 3937 1081 3979 non
1134 3932 1217 3989 ragno
1240 3916 1407 3975 certantibus
1436 3926 1465 3974 et
1484 3914 1787 3977 destruentibnsltuttle
1806 3924 1929 3982 ierim.

291 4003 397 4073 patitur
411 4019 507 4063 seruos
519 4020 584 4062 suos
607 4005 678 4062 ultra
693 4022 775 4078 posse
791 4010 902 4073 tentari,
916 4018 942 4067 te
956 4026 988 4066 ac
1002 4011 1082 4077 allos,
1134 4008 1242 4065 tandem
1256 4008 1346 4064 diuina
1370 4025 1403 4065 ex
1425 4008 1481 4064 alto
1495 4008 1679 4080 prospiciente
1702 4007 1848 4063 clementia
1881 4021 1933 4077 per
2035 4010 2036 4073 1

292 4107 409 4163 quorum
424 4093 503 4153 fidem
515 4111 563 4167 per
577 4097 724 4153 instantem
741 4099 917 4155 tentationem
932 4102 1081 4169 examinat,
1135 4107 1220 4164 tutin,
1240 4100 1326 4157 frater
1355 4100 1569 4170 ancltiepiseope,
1585 4116 1617 4157 ac
1644 4100 1808 4156 uenerabilis
1832 4101 1935 4157 fratris

292 4185 574 4245 consolabitnrcitius
599 4204 681 4261 qnam
705 4190 833 4245 credatur
846 4200 874 4246 et
890 4192 1081 4249 sustinentium
1133 4193 1217 4247 nostri
1241 4190 1366 4249 htoensts
1383 4192 1502 4263 episcopi
1528 4190 1737 4247 sollicitudinem
1760 4202 1788 4246 et
1814 4206 1934 4262 operam

291 4290 323 4333 se
341 4278 485 4337 timoribus
507 4280 534 4335 in
549 4279 715 4335 abundantia
742 4282 839 4337 votivae
860 4284 1017 4339 securitatis
1036 4298 1082 4339 oc·
1133 4279 1287 4349 diligentem
1300 4282 1340 4337 sic
1353 4291 1415 4338 sunt
1430 4282 1501 4338 luter
1515 4296 1562 4338 eos
1573 4280 1647 4353 paris
1659 4281 1759 4337 loedera
1776 4279 1933 4338 reformata
2035 4280 2036 4335 ἐ

292 4380 394 4426 curret.
410 4371 479 4427 b'asn
495 4388 613 4444 namque
638 4373 711 4446 figuli
733 4375 831 4446 probat
854 4376 962 4443 fornax,
977 4375 1080 4445 etjnsti
1133 4380 1163 4427 ut
1180 4381 1295 4445 utroque
1311 4374 1470 4446 dignitatem
1490 4386 1516 4429 et
1538 4388 1635 4429 nomen
1659 4374 1762 4445 regium
1779 4374 1932 4442 retinente,
2035 4422 2036 4453 r

291 4474 375 4528 opera
400 4462 618 4519 tribulationibus
642 4465 811 4531 enitescunt;
825 4474 854 4521 et
877 4470 949 4523 unde
973 4466 1079 4538 justitia
1095 4463 1117 4517 ll
1132 4462 1153 4519 si
1170 4451 1222 4520 ltoc
1240 4474 1330 4521 tamen
1353 4478 1386 4521 ex
1411 4464 1616 4535 dispensatione
1645 4473 1739 4520 noster
1761 4466 1934 4534 approbaret
2035 4464 2036 4519 ζ

290 4550 429 4607 interdum
453 4555 590 4628 exstingui
611 4556 743 4621 creditur,
759 4556 913 4612 roboratur.
940 4557 1082 4614 llonenaue
1134 4569 1271 4621 assensus,
1286 4555 1350 4627 lngo
1364 4556 1391 4611 in
1406 4556 1535 4627 quadani,
1551 4554 1691 4626 Philippus
1713 4569 1778 4610 rero
1794 4556 1822 4609 in
1841 4554 1935 4611 altera

291 4643 376 4713 igitur
393 4645 590 4703 fraternitatem
613 4656 687 4702 tunm
702 4656 731 4703 et
743 4648 770 4703 in
784 4650 899 4708 homino
918 4652 1082 4722 propensius
1133 4641 1282 4713 llorwegiae
1294 4654 1371 4714 parte
1383 4652 1486 4713 regnet.
1502 4642 1551 4699 liis
1562 4643 1645 4715 igitur
1657 4644 1694 4699 ita
1706 4642 1846 4713 dispositis
1861 4658 1935 4700 con·
2035 4630 2036 4709 l

291 4736 480 4803 exinortnmur,
498 4753 547 4806 per
561 4739 708 4809 apostolica
732 4740 780 4795 tibi
798 4742 899 4811 scripta
920 4742 1081 4798 mandantes
1135 4732 1195 4804 ιῐιῑῑ
1207 4734 1280 4804 quod
1304 4734 1374 4788 1111111
1387 4732 1539 4803 Philippus,
1556 4731 1590 4788 1111
1615 4746 1695 4803 (luem
1713 4748 1839 4805 1181111111,
1855 4734 1936 4790 sieut
2035 4722 2036 4757 1

290 4835 426 4896 acaunus
438 4827 465 4883 in
476 4828 523 4885 illo
534 4842 646 4902 sperans
656 4832 702 4901 qni
715 4846 807 4888 servos
817 4846 880 4889 suos
892 4833 1010 4898 edocuit,
1018 4848 1080 4889 cum
1134 4827 1298 4897 accepimus,
1310 4825 1547 4894 haereditariojure
1557 4833 1671 4895 spectat,
1683 4840 1745 4881 cunt
1758 4824 1935 4881 adversariis
2035 4822 2036 4915 ,

291 4920 418 4976 audirent
428 4921 576 4981 seditiones
590 4931 617 4978 et
628 4922 732 4998 praelia,
744 4938 798 4980 non
813 4924 921 4991 terreri,
937 4932 964 4980 et
981 4923 1081 4986 abissi·
1133 4921 1189 4975 suis
1200 4918 1365 4988 colloquium
1380 4917 1522 4975 habiturus
1536 4918 1650 4974 accessit
1664 4934 1671 4971 :
1684 4930 1763 4986 quem
1777 4915 1862 4972 iidem
1877 4916 1934 4973 ad·
2035 4938 2036 4979 t

292 5026 368 5067 mum
400 5012 535 5085 refugium
561 5024 637 5071 tunm
658 5030 774 5087 ponens,
798 5016 825 5071 in
842 5018 1081 5083 tribulationibus,
1132 5016 1246 5073 versarii
1262 5016 1302 5071 sni
1323 5030 1384 5071 oum
1406 5016 1548 5071 innumera
1562 5014 1734 5072 multitudine
1747 5014 1935 5073 circumdata·
2035 4988 2036 5027 ἶ

291 5120 354 5178 quoe
366 5105 416 5163 tibi
430 5109 527 5165 cedent
540 5110 574 5164 ad
599 5108 724 5179 gloriam,
744 5125 798 5166 non
820 5110 943 5174 delicias,
953 5110 1000 5166 sed
1015 5124 1081 5165 con-
1134 5115 1186 5173 tes,
1198 5107 1261 5162 licet
1275 5106 1350 5177 prius
1364 5104 1445 5161 fucrit
1460 5106 1531 5163 datis
1554 5105 1694 5162 obsidibus
1704 5104 1847 5161 diffinitum
1862 5122 1935 5163 curn

292 5194 403 5255 instetis
416 5198 443 5252 in
469 5212 502 5255 eu
520 5200 566 5270 tpnl
589 5200 659 5256 bella
674 5201 802 5264 conterit,
817 5209 845 5256 et
859 5201 902 5257 cni
918 5215 1015 5256 nomen
1039 5208 1082 5256 est
1134 5200 1242 5270 nutantis
1268 5201 1398 5258 deberent
1416 5199 1523 5268 utrique
1545 5198 1632 5270 copiis
1647 5198 1803 5265 contenire,
1817 5212 1936 5255 assere-

329 5350 405 5424 (ιιι)
417 5351 542 5411 Guerrut.
550 5354 683 5422 Quoniam
703 5353 731 5409 in
746 5354 870 5410 luctuoso
882 5352 1079 5410 belliexamine
1094 5346 1099 5351 ’
1130 5352 1260 5427 quitlnuid
1270 5353 1396 5421 curiacius
1405 5352 1489 5409 deleri
1500 5361 1610 5410 censeat
1623 5353 1657 5410 ad
1668 5352 1933 5425 interpretationem

293 5422 432 5482 diminutae
445 5423 564 5490 fuerunt,
580 5426 641 5479 ideo
651 5425 749 5480 dantur
763 5424 791 5479 ln
803 5422 1000 5494 emphyteusim
1016 5438 1079 5493 per·
1131 5421 1251 5491 ejusdem
1267 5424 1374 5493 capitis.

331 5504 404 5550 tnattt
420 5504 450 5550 ιιι
467 5496 531 5552 ine.
549 5496 606 5550 Bne
624 5496 681 5565 jur,
706 5493 720 5565 5
742 5492 875 5563 Perpetua
901 5490 1078 5562 f0,tp.2,tcl
1166 5492 1371 5564 (ualidapunh'
1394 5510 1463 5549 tettt.
1480 5493 1577 5551 lisdem
1601 5492 1660 5619 Ιῖιθ
1679 5492 1771 5551 verbis
1795 5494 1936 5552 rescribit

315 5565 469 5619 mretlitario
489 5565 551 5632 jure
571 5564 623 5619 snb
636 5578 727 5619 annuo
744 5577 826 5619 censu
845 5562 968 5617 tenendae
985 5577 1011 5618 c.
1037 5562 1078 5616 ιιι
1129 5560 1291 5619 Caelestinus
1303 5578 1371 5633 papa
1394 5564 1491 5619 tertius
1512 5564 1539 5619 in
1563 5579 1588 5621 c.
1625 5562 1642 5619 't
1662 5562 1787 5636 rupeas
1813 5563 1933 5629 ultimo,

294 5647 372 5687 num
386 5633 414 5699 i,
426 5633 806 5695 llerehnseeelesmlienand.
817 5647 878 5703 quae
892 5634 1015 5701 exceptio
1032 5632 1077 5687 lir-
1131 5634 1193 5688 end.
1212 5632 1253 5687 tit.
1269 5634 1336 5689 Vide
1356 5633 1452 5689 librum
1478 5650 1485 5689 ι
1500 5632 1730 5697 Constitutinnum
1754 5636 1933 5691 venetarnm

294 5710 350 5756 trrat
367 5704 486 5769 regulam
501 5707 526 5759 in
541 5721 564 5760 c.
579 5702 666 5771 Nulli,
677 5704 770 5758 eodem
787 5701 872 5766 titulo,
884 5701 927 5757 tubi
942 5702 1000 5773 lege
1012 5717 1078 5759 cou-
1129 5718 1154 5757 c.
1168 5702 1180 5757 l
1196 5711 1224 5759 et
1235 5717 1323 5773 seqq„
1337 5712 1365 5759 et
1375 5718 1454 5771 supra
1469 5704 1639 5773 epistolam2
1652 5703 1731 5777 hujus
1745 5704 1858 5773 libri,et
1882 5705 1935 5763 itt<

293 5770 442 5831 dictionem
464 5787 498 5831 ex
521 5773 611 5845 specie
629 5789 653 5831 e.
669 5772 706 5850 ll,
721 5772 755 5831 ad
771 5774 936 5836 audientiam
953 5775 1013 5833 eod.
1035 5773 1076 5830 tit.
1131 5772 1292 5847 ira‚epist.l
1314 5773 1362 5833 lib.
1382 5790 1415 5831 xv
1430 5773 1538 5848 hatest.
