4109 6325
161 314 164 321 '
256 380 291 436 79
702 317 898 425 lNllOCEN'l‘ll
919 369 951 423 lll
972 368 1023 426 PP.
1047 368 1282 427 utcesroutltt
1303 371 1365 426 tltt.
1387 368 1443 426 xtt.
1859 376 1893 431 8⁰

255 497 328 553 idem
349 493 506 564 capellanus
530 490 647 545 existere
667 486 833 551 lrrtctnosus,
850 486 896 556 otri
918 486 996 541 nobis
1016 502 1048 544 ac
1063 494 1087 550 ,t
1101 506 1180 559 usone
1194 490 1220 544 in
1235 491 1324 558 paene
1350 489 1426 557 Quod
1444 489 1465 544 si
1478 503 1531 544 ooo
1553 502 1659 555 omncs,
1680 498 1735 545 erc.
1764 486 1818 543 duo
1848 502 1893 547 ce-

254 585 388 642 lratribns
405 583 506 639 nostris
535 594 591 635 suae
610 578 755 649 probitatis
773 576 883 632 obtentu
899 577 997 632 charus
1021 590 1049 633 et
1103 588 1201 643 struto,
1213 593 1267 635 err.

258 688 386 751 acceptus
407 676 500 733 existit
523 688 576 728 non
597 672 684 727 solum
703 670 759 739 jam
786 685 916 727 concessa
939 685 1049 739 serrare
1137 671 1234 724 llaturu
1248 671 1372 737 biterbii,
1386 687 1435 725 rur
1450 670 1511 726 tiat.
1526 670 1602 737 lobi,
1615 668 1790 741 pontificatus
1803 674 1891 729 nostrl

256 773 307 827 sibi
328 770 393 825 utile
413 766 557 837 putaretis,
575 762 764 819 verumetiam
790 762 963 819 concedenda
991 762 1047 817 lar·
1101 763 1356 817 aouoduodcrinro.

258 864 320 932 girl,
352 858 556 913 rtnit'ersilatom
579 862 696 911 uestram
716 869 842 922 rogamus
868 856 999 909 attentius
1021 864 1050 911 et
1137 851 1320 923 Scriptuutcar
1335 855 1418 907 cidem
1431 854 1628 925 orelrieptsropo
1642 856 1791 925 srrpcrboc.

255 965 407 1017 rrtonemus,
425 964 474 1020 per
496 947 642 1019 apostolica
661 947 738 1003 rolris
765 946 866 1016 scripta
890 947 1050 1001 mandantes
1440 944 1545 1001 LXXV.

254 1050 389 1113 orratenus
399 1040 604 1097 concessionem
618 1038 739 1095 omniunt
754 1038 959 1107 praemissortun
971 1038 1049 1095 robis
1101 1052 1222 1092 tctosrru
1243 1051 1304 1092 nect
1332 1052 1433 1093 orroar
1454 1054 1479 1091 tn
1507 1051 1671 1093 nortmanno
1700 1053 1893 1095 rurroaroaan

255 1133 332 1209 [sibi]
345 1134 443 1189 iactant
459 1133 493 1189 ob
505 1133 687 1188 reuerentiam
701 1130 856 1201 apostolicae
872 1130 944 1185 sedis
958 1140 985 1185 et
1001 1144 1048 1185 no-
1435 1146 1550 1184 eruero.

256 1238 326 1286 tram
339 1226 469 1281 illibatam
483 1233 634 1287 seruantes,
654 1223 741 1292 ipsunt
756 1238 805 1292 per
822 1222 950 1279 dilectura
964 1222 1049 1277 blium
1314 1221 1352 1276 tte
1366 1221 1509 1293 peregrinis
1521 1222 1675 1277 liberandis.

260 1316 404 1372 lietaldum
436 1313 607 1370 cellararium
633 1312 818 1381 liugnotinunt
844 1321 1049 1381 procuratorem
1282 1314 1428 1385 (biterbii,
1454 1331 1491 1370 ru
1519 1316 1580 1373 ldus
1609 1317 1702 1388 tutti.)

258 1424 337 1465 suum
351 1408 377 1462 io
391 1405 560 1477 corporalem
580 1420 674 1460 eorum
697 1403 899 1473 possessionem
921 1402 1050 1457 ltttlrtcere
1137 1408 1327 1464 Sincerissima
1346 1408 1489 1463 ebaritatis
1506 1408 1710 1485 allectio-quam
1737 1425 1800 1481 erga
1816 1420 1891 1467 tuam

256 1498 428 1572 procuretis,
453 1504 601 1569 proventus
627 1495 769 1551 memorati
804 1493 932 1565 stipendii
960 1494 1050 1550 medio
1102 1498 1219 1567 regalem
1234 1512 1377 1567 personam
1391 1498 1510 1569 gerimus
1525 1514 1574 1553 nos
1589 1499 1694 1555 inducit
1709 1503 1817 1571 qrraudo
1828 1520 1893 1574 pro-

258 1602 381 1663 tempore
400 1597 544 1661 perceptos
562 1590 732 1661 assignantes
744 1588 851 1654 eidem,
866 1592 1050 1645 nonobstante
1101 1590 1213 1659 pensius
1246 1589 1348 1659 regium
1376 1588 1497 1643 zelamur
1519 1590 1667 1658 bonorem,
1693 1601 1769 1647 tauto
1791 1593 1894 1649 sollici-

256 1683 304 1739 ttto
320 1684 393 1754 guod
413 1683 474 1738 noui
501 1681 625 1738 canonici
647 1679 853 1752 presentialiter
876 1681 967 1737 lacere
984 1696 1050 1737 coo·
1102 1683 1157 1739 tius
1170 1683 1217 1739 tibi
1230 1682 1344 1738 suarlere
1356 1697 1482 1737 curemus
1494 1698 1527 1737 ue
1539 1684 1603 1753 quid
1618 1698 1737 1753 uouuanr
1749 1699 1798 1755 per
1810 1695 1837 1741 te
1850 1687 1891 1741 rcl

255 1776 379 1833 stetisse
406 1774 535 1830 dicuntur
563 1773 685 1838 ibidem,
707 1788 803 1843 preces
832 1774 994 1843 apostolicas
1021 1780 1051 1828 et
1104 1785 1166 1832 tuos
1182 1775 1330 1846 improuide
1349 1783 1498 1830 attentetur
1516 1791 1565 1845 per
1579 1776 1688 1846 quodoi
1703 1777 1792 1832 ualeat
1813 1778 1894 1834 dero-

256 1866 414 1921 mandatum
438 1864 528 1921 taliter
548 1863 718 1936 adimplendo
745 1864 815 1935 quod
831 1875 860 1919 et
885 1879 933 1921 uos
953 1879 1049 1935 gerere
1065 1838 1086 1893 B
1100 1869 1170 1939 gari.
1184 1866 1340 1932 Sane,eum
1356 1869 1510 1921 nouaclum
1527 1868 1645 1934 anobis,
1659 1868 1705 1923 scd
1718 1870 1753 1924 ab
1770 1869 1894 1925 Ecclesia

255 1959 391 2029 possimus
409 1968 551 2030 acceptum
567 1966 595 2013 et
609 1957 679 2012 idem
698 1955 852 2027 capellanus
876 1956 909 2011 ad
927 1956 1050 2012 devotio·
1100 1972 1170 2029 pene
1186 1967 1243 2014 tota
1255 1967 1379 2030 speretur
1407 1960 1479 2029 qnod
1497 1962 1668 2016 necessarios
1688 1969 1767 2017 terrae
1786 1974 1891 2019 sancta

256 2065 319 2105 nctn
330 2050 490 2119 obsequium
513 2056 633 2105 restrum
650 2046 758 2115 lortius,
778 2048 954 2104 accendatur.
975 2048 1048 2105 Alio·
1100 2064 1246 2106 succursus
1267 2061 1341 2106 tanto
1357 2053 1513 2109 studiosius·
1535 2061 1564 2108 et
1586 2054 1723 2124 potentius
1745 2071 1794 2126 per
1818 2066 1893 2111 ruarn

255 2142 322 2211 quin
338 2140 444 2195 dilectis
466 2140 528 2195 illlis
545 2140 650 2195 custodi
667 2139 837 2209 lloguutino,
860 2140 1006 2210 praeposito
1020 2148 1050 2195 et
1100 2144 1196 2199 debeat
1208 2146 1437 2216 magniliccutiam
1450 2148 1604 2217 promereri
1622 2160 1725 2219 quanto
1737 2151 1894 2207 misericor·

256 2234 360 2289 tlecauo
376 2233 522 2304 Pingueosi
539 2232 751 2303 llagrtntincnsis
773 2232 901 2288 dioecesis
925 2232 1049 2287 dedimus
1101 2236 1164 2292 dius
1188 2247 1216 2293 et
1239 2238 1419 2295 miserabilius
1441 2254 1538 2295 uranus
1561 2239 1609 2295 Dei
1639 2242 1793 2311 specialiter
1817 2243 1894 2299 teob

258 2325 284 2380 itt
298 2324 433 2380 nraudatis
447 2335 476 2378 tri
487 2321 557 2393 qttod
573 2338 655 2392 super
672 2322 724 2378 hoc
741 2322 874 2378 duxeritis
893 2322 1047 2379 laciendum
1100 2328 1152 2386 hoe
1163 2330 1284 2386 creditur
1297 2332 1442 2399 exaltasse,
1462 2332 1522 2388 sino
1539 2332 1634 2403 grandi
1649 2342 1677 2387 et
1690 2334 1766 2404 graui
1792 2334 1895 2390 intrito-

256 2418 335 2473 uobis
348 2416 498 2473 rescribere
518 2430 571 2473 uon
594 2415 733 2477 omittant.
754 2423 785 2467 nt
802 2428 851 2485 tter
869 2429 962 2469 cortun
980 2414 1052 2469 tela·
1100 2438 1160 2477 uror
1175 2424 1303 2479 scandalo
1324 2440 1377 2479 oon
1400 2432 1442 2480 est
1464 2422 1566 2480 iactura
1590 2426 1663 2497 qarod
1682 2427 1796 2483 dilectus
1820 2426 1896 2484 iilius

257 2508 358 2561 tioucnt
375 2506 512 2572 instructi,
526 2515 607 2577 prout
626 2506 826 2575 procedendum
848 2504 996 2561 rtrtorbous
1021 2506 1049 2561 in
1100 2514 1253 2569 vicecomes
1263 2515 1344 2569 castri
1356 2515 1473 2588 ayrardi
1485 2523 1513 2571 et
1523 2517 1631 2587 quidam
1650 2517 1694 2573 alii
1710 2518 1846 2591 peregrini
1859 2518 1895 2575 de

257 2599 315 2671 ipso
331 2599 439 2669 negorio
459 2600 648 2669 procedamus.
1102 2604 1291 2659 transmarinis
1310 2606 1433 2673 partibus
1456 2606 1603 2662 retleuntes
1619 2608 1653 2663 de
1665 2608 1804 2674 rtraodato,
1822 2610 1897 2665 sicot

294 2690 391 2745 Datum
408 2691 532 2757 biterbii,
550 2707 598 2745 aur
610 2690 671 2747 lial.
686 2690 761 2754 Julii,
776 2692 950 2761 pontificatus
964 2694 1048 2747 nostri
1101 2695 1211 2762 dicitur,
1226 2695 1388 2751 uenerabilis
1411 2695 1504 2751 iratris
1526 2697 1611 2752 nostri
1631 2699 1795 2768 patriarcbe
1808 2699 1897 2771 Aqui-

254 2797 331 2844 vanno
344 2784 515 2838 duodecimo.
1101 2784 1217 2854 legensis
1232 2786 1310 2857 legati
1331 2788 1367 2841 tui
1384 2802 1470 2855 nuper
1488 2789 1558 2857 apud
1580 2789 1754 2857 Creroouaro,
1780 2807 1833 2862 qrra
1858 2792 1896 2848 de

292 2873 427 2946 Scriptum
444 2886 482 2930 cat
502 2877 567 2946 ipsis
584 2894 664 2947 cuper
677 2878 726 2931 boc
743 2880 771 2933 io
790 2880 908 2934 currrderu
923 2880 978 2949 [ere
993 2894 1050 2933 atto·
1100 2890 1181 2931 cansa
1200 2880 1345 2947 nescimus,
1359 2880 1460 2934 detenti
1473 2889 1552 2946 suut,
1574 2898 1624 2938 nec
1643 2885 1768 2953 permissi
1780 2885 1813 2939 ad
1829 2900 1895 2955 pro-

257 2968 426 3036 dum,orque
438 2965 536 3023 lortius
553 2968 727 3024 accendatur.
736 2968 876 3037 Quocirca
891 2968 1049 3026 discretioni
1102 2969 1160 3038 pria
1177 2970 1262 3025 libere
1272 2985 1405 3027 rentearc.
1419 2972 1503 3043 Cujus
1515 2973 1607 3044 utique
1620 2975 1771 3031 detestandi
1787 2976 1896 3033 larino·

258 3064 356 3112 restrae
369 3070 418 3129 per
437 3056 585 3127 apostolica
615 3058 717 3129 scripta
734 3060 894 3113 ruaudaruos
915 3068 1051 3129 quatenus
1102 3060 1139 3115 ris
1153 3062 1335 3131 patriarcbom
1350 3066 1476 3121 cumdem
1491 3078 1682 3125 exsecutorem
1694 3070 1739 3123 rix
1754 3071 1895 3134 eradicares

257 3147 399 3218 predictos
414 3149 658 3220 archiepiscopum,
675 3150 848 3222 praepositum
864 3152 1049 3224 etcopitulnm
1064 3197 1085 3253 c
1102 3153 1250 3220 exstitisse,
1268 3165 1294 3211 te
1305 3172 1369 3213 uero
1390 3175 1528 3231 nunquam
1542 3159 1626 3218 luisse
1639 3165 1777 3220 credimus
1790 3181 1896 3236 prece·

256 3241 290 3296 ad
303 3241 353 3296 boc
372 3242 500 3297 iuducere
522 3241 678 3312 diligentius
700 3252 889 3315 procurantes,
913 3245 1047 3314 quodsu-
1101 3260 1218 3318 prorem,
1240 3266 1301 3306 curn
1316 3253 1361 3307 ille
1387 3270 1442 3310 non
1473 3256 1640 3327 ignoraverit
1663 3273 1744 3315 cruce
1771 3261 1895 3332 signatos

257 3346 305 3404 gor
324 3333 375 3386 lroc
391 3331 519 3388 duxerint
538 3329 694 3388 laciendum
715 3334 794 3390 nobis
818 3335 968 3390 rescribere
986 3350 1049 3405 pro·
1100 3342 1253 3411 ludusurodi
1266 3347 1354 3403 eundo
1368 3354 1395 3403 et
1406 3349 1546 3407 redeundo
1560 3351 1730 3424 subspeciali
1743 3353 1816 3410 sedis
1827 3370 1895 3424 apo-

256 3421 374 3490 curetis;
396 3431 426 3477 ut
436 3435 484 3492 per
505 3432 624 3478 vestram
639 3423 798 3481 relationem
817 3426 953 3493 instructi,
967 3434 1048 3496 prout
1098 3432 1202 3490 stolicrc
1216 3437 1384 3504 protectione
1409 3441 1560 3498 consistere
1573 3459 1606 3499 ac
1621 3454 1675 3499 taut
1692 3459 1841 3515 aseqnarn
1857 3459 1895 3504 ao

256 3514 456 3585 procedendum
479 3513 629 3572 interimus
651 3515 677 3570 to
705 3516 764 3588 ipso
785 3517 892 3588 negorio
919 3518 1048 3587 proceda·
1099 3525 1352 3585 atttsEeotesiarurn
1365 3534 1485 3601 prolatis
1498 3549 1551 3590 ooo
1564 3535 1679 3605 opprimi
1692 3535 1892 3594 sedroororert

250 3591 327 3660 'irruis
342 3605 417 3674 Quod
432 3607 454 3660 si
468 3622 521 3663 noo
535 3622 648 3675 omnes,
662 3617 729 3677 ete,
746 3609 799 3666 duo
813 3621 945 3678 restrum,
957 3620 1011 3667 ctc.
1100 3618 1210 3684 debere,
1229 3629 1313 3692 tuque
1335 3625 1437 3678 durium
1454 3640 1595 3683 excessum
1609 3627 1725 3684 sinrilcrn
1741 3628 1838 3685 saltem
1863 3631 1892 3684 in

293 3698 401 3764 Dtlttltb
415 3709 443 3754 til
454 3699 481 3754 ¹⁸¹1
494 3700 558 3754 illd·
1099 3709 1213 3768 illustris
1236 3714 1374 3770 memoriae
1400 3715 1529 3772 lliebardi
1557 3719 1630 3790 regis
1648 3721 1749 3790 duglie
1764 3722 1892 3776 auunculi

597 3790 713 3848 LXllll.
1101 3802 1138 3858 tui
1148 3803 1274 3873 captione
1289 3806 1416 3862 didiceris
1430 3807 1571 3874 detestari,
1582 3818 1611 3864 ut
1622 3812 1678 3881 jani
1693 3812 1750 3881 ipse
1764 3815 1893 3868 commit-

255 3896 368 3942 crsroot
398 3897 607 3950 unocurrneusr,
633 3901 668 3941 er
698 3901 851 3942 rnerostro
879 3904 915 3943 aa
945 3903 1047 3945 neutro
1101 3901 1159 3950 tere
1169 3896 1362 3965 perhorrescas
1373 3899 1445 3968 qood
1458 3899 1533 3970 prius
1549 3901 1575 3956 in
1585 3903 1636 3956 illo
1656 3904 1835 3962 daruoarcras
1847 3909 1890 3963 coi

381 3987 518 4028 rraouansr
539 3989 753 4035 ttteunrtneo'Sts
774 3992 913 4035 orceccsts.
1101 3987 1286 4055 tegaudentus
1310 3989 1335 4043 iu
1351 3986 1426 4055 lolio,
1450 4004 1503 4045 nou
1532 3990 1558 4045 io
1581 3991 1695 4059 scelere,
1710 4001 1891 4053 successisse.

555 4067 592 4124 lle
608 4071 699 4125 eodem
713 4088 751 4127 re.
1099 4079 1246 4147 Caeterum,
1262 4094 1323 4135 curu
1339 4081 1365 4136 in
1378 4082 1532 4138 detentione
1545 4086 1751 4156 peregrinorum
1768 4089 1890 4158 ipsorum

467 4159 603 4231 (viterbii,
616 4178 662 4218 xnt
674 4162 734 4221 lial.
745 4165 832 4236 tutti.)
1099 4185 1153 4226 uon
1167 4171 1218 4239 ipsi
1235 4181 1337 4227 tautrrm
1359 4175 1540 4244 obsurdentur,
1566 4179 1613 4235 sed
1629 4182 1719 4252 quiris
1737 4184 1819 4249 alius,
1835 4184 1892 4239 inao

291 4251 399 4320 Quauto
417 4253 532 4310 dilectus
545 4254 616 4311 lilius
637 4258 875 4328 tnagisterPctrns
894 4259 1047 4318 viterbien·
1099 4261 1235 4329 Cbrisrus,
1249 4266 1321 4321 uide
1333 4276 1426 4322 nostra
1446 4276 1473 4324 et
1493 4272 1736 4340 apostolicaesedis
1753 4284 1891 4333 taceamus

256 4345 294 4399 sis
312 4344 469 4415 capellanus
481 4347 684 4402 oosterduduro
708 4351 810 4406 studuit
826 4353 974 4410 venerabili
991 4354 1047 4410 ira·
1097 4351 1212 4419 oilcnsa,
1236 4355 1263 4410 io
1288 4357 1366 4427 cujus
1391 4361 1583 4416 contumeliam
1605 4363 1631 4419 id
1650 4366 1771 4420 noscitur
1790 4366 1892 4422 redun-

256 4436 292 4490 tri
321 4443 414 4492 nostro
440 4435 640 4508 Magunrineusi
672 4441 876 4514 archiepiscopo
900 4454 928 4500 et
956 4447 1047 4504 adbuc
1098 4445 1485 4517 dare,regalimattsrretudioi
1502 4459 1891 4527 estsomruopereprouiden-

256 4527 340 4582 ctiaut
353 4541 412 4584 sese
426 4530 515 4584 studet
526 4530 655 4588 exbibero
668 4535 794 4589 deuotum
814 4543 888 4594 tauto
902 4551 1046 4608 speramus
1060 4550 1084 4610 ί)
1098 4535 1162 4591 doru
1178 4552 1212 4592 ne
1228 4539 1262 4594 de
1273 4538 1355 4609 bolos
1369 4542 1543 4601 enormitatis
1555 4544 1633 4602 initio
1646 4563 1700 4601 non
1724 4550 1811 4606 solutu
1827 4567 1892 4621 gra·

256 4618 327 4687 quod
343 4619 499 4674 roattdattun
524 4623 701 4692 apostolicum
723 4625 772 4682 sibi
796 4626 897 4684 lactum
918 4644 967 4701 pro
988 4631 1047 4701 ipso
1098 4623 1522 4699 llussc³¹tdlllzell1lEcclesia
1541 4634 1593 4689 ⁰1⁸3
1612 4651 1660 4706 per
1688 4647 1725 4705 ¹0,
1740 4641 1810 4695 Sillii
1828 4638 1890 4710 spe·

256 4703 352 4760 debeat
366 4705 523 4776 adimplere,
538 4709 655 4765 maxime
678 4725 739 4766 cum
768 4712 893 4783 ignorare
915 4730 969 4771 non
1002 4717 1046 4772 de·

255 4794 317 4848 bcar
335 4796 400 4864 urtin
415 4796 515 4852 existat
530 4799 759 4871 nobisacceptum
783 4804 913 4876 quidquid
934 4807 1047 4864 lrouoris

255 4894 282 4940 et
300 4887 395 4955 gratiae
411 4887 462 4944 sibi
477 4887 586 4945 dorent
600 4892 884 4954 conterminandam
900 4899 990 4970 igitur,
1007 4900 1046 4956 si-

255 4983 302 5029 cut
311 4976 404 5033 eodem
416 4980 554 5050 capellano
568 4981 644 5038 uobis
657 4983 772 5042 innotuit
786 5001 947 5058 exponente,
957 4992 1046 5050 dictos

257 5067 480 5140 archiepiscopus
495 5071 641 5130 liberaliter
657 5079 823 5133 concesserit
836 5082 972 5138 tridudum
995 5085 1047 5141 Ec-

254 5158 365 5216 alesiam
379 5162 455 5234 cujus
481 5174 627 5234 protentus
639 5169 720 5222 annui
734 5171 843 5225 ualeant
862 5173 955 5230 decern
971 5190 1046 5231 mar·

255 5262 314 5313 cas,
328 5249 399 5306 sieut
419 5267 468 5322 per
487 5254 592 5310 litteras
605 5272 668 5312 suas
682 5257 720 5330 [et
739 5259 919 5319 instrumenta
937 5267 1045 5336 publica

255 5340 395 5398 euidenter
412 5355 536 5418 apparot,
552 5349 638 5404 eidem
663 5353 866 5424 archiepiscopo
879 5371 928 5424 per
944 5359 1045 5429 scripta

255 5441 346 5486 nostra
378 5435 566 5492 mandarimus
590 5446 619 5492 ut
644 5441 743 5497 dictam
767 5441 915 5500 Ecclesiam
947 5448 1046 5505 dilecte

255 5522 309 5576 trito
320 5521 353 5577 tt.
368 5525 510 5600 cellarario
527 5529 725 5599 llaguutiueosi
743 5539 914 5604 procuratori
927 5554 975 5596 suo
990 5557 1045 5598 nort

254 5611 361 5672 diderat
381 5619 530 5688 assignare.
546 5619 680 5688 Quocirca
704 5625 859 5684 discretioni
879 5641 976 5688 restrae
997 5649 1046 5704 pet·

254 5703 399 5771 apostolica
424 5708 525 5780 scripta
551 5711 713 5770 mandamus
735 5724 868 5787 priatenus
885 5723 1044 5791 praedictum

254 5795 485 5869 arcitiepiscopuut
512 5803 545 5860 ari
575 5803 626 5862 boc
641 5805 793 5880 diligenter.
815 5821 882 5884 cte,
897 5824 925 5870 nt
943 5817 968 5872 iu
989 5820 1043 5875 alio

1098 4729 1244 4791 tauquam
1259 4722 1406 4780 citoluerit
1424 4727 1600 4784 emendatum
1626 4747 1720 4786 rerunt
1751 4734 1834 4788 etiaor
1861 4747 1889 4790 et

1097 4811 1228 4871 llomious
1242 4815 1386 4884 irascatur,
1399 4835 1461 4874 eum
1474 4821 1500 4875 io
1515 4821 1567 4878 boe
1584 4823 1640 4894 jam
1659 4825 1696 4879 ita
1716 4826 1839 4896 grauiter
1853 4829 1890 4882 sit

1097 4922 1240 4964 excessum
1271 4921 1301 4965 nt
1314 4915 1483 4982 quantalibet
1509 4919 1711 4990 peregrinitate
1733 4922 1797 4977 dicti
1812 4922 1891 4978 lesti-

1097 5000 1188 5055 uantia
1205 5001 1388 5069 dimittantur,
1404 5006 1494 5063 minos
1506 5007 1613 5079 plenum
1631 5012 1781 5068 reruedium
1796 5013 1890 5068 ridea-

1098 5097 1142 5144 tur
1165 5091 1316 5148 adbibituut
1330 5095 1472 5166 dispendio
1487 5113 1568 5155 terrae
1585 5112 1702 5169 sauctae,
1719 5104 1770 5159 nisi
1793 5105 1888 5160 deten-

1098 5183 1303 5242 tiooerneorum
1317 5196 1362 5244 tua
1385 5191 1484 5262 regalis
1506 5195 1638 5251 modestia
1664 5197 1701 5253 ita
1722 5199 1775 5254 sibi
1794 5199 1889 5269 displi-

1096 5275 1187 5332 cuisse
1198 5278 1367 5337 demonstret
1379 5285 1451 5352 ortod
1465 5286 1483 5341 ii
1493 5287 1541 5357 qui
1553 5288 1647 5344 forsan
1663 5291 1756 5347 audito
1769 5291 1888 5363 qualiter

1097 5367 1141 5424 isti
1154 5367 1257 5426 luerint
1277 5387 1326 5442 per
1346 5375 1458 5433 iusidias
1481 5380 1644 5448 deprehensi
1668 5394 1776 5453 torpere
1795 5399 1888 5456 coepc-

1097 5460 1199 5515 runtin
1221 5465 1361 5533 proposito
1384 5469 1456 5537 quod
1480 5482 1665 5544 conceperant
1693 5476 1728 5531 de
1748 5475 1888 5546 praedictae

1097 5560 1178 5607 rerrae
1196 5570 1340 5623 succursu,
1363 5561 1457 5616 audito
1477 5561 1587 5620 demum
1613 5577 1716 5636 quauta
1740 5567 1799 5623 zelo
1826 5567 1888 5624 illos

1095 5643 1257 5710 praeceperis
1271 5644 1391 5715 liberari,
1404 5649 1529 5708 fiduciam
1543 5659 1720 5714 succurrendi
1742 5659 1793 5715 sibi
1808 5674 1887 5714 sccu-

1096 5733 1159 5788 riori
1171 5736 1253 5790 corde
1268 5749 1417 5795 resumant.
1439 5742 1573 5811 Quocirca
1592 5750 1765 5806 serenitatem
1782 5752 1885 5822 regiam

1096 5827 1243 5896 rogandum
1258 5828 1384 5889 duairuus
1403 5836 1530 5895 attentius
1543 5848 1570 5895 et
1586 5843 1757 5914 monendam,
1774 5859 1825 5915 per
1837 5860 1886 5899 no·
