<?xml version="1.0" encoding="UTF-8"?>
<!DOCTYPE html PUBLIC "-//W3C//DTD XHTML 1.0 Transitional//EN"
    "http://www.w3.org/TR/xhtml1/DTD/xhtml1-transitional.dtd">
<html xmlns="http://www.w3.org/1999/xhtml" xml:lang="en" lang="en">
 <head>
  <title>
</title>
<meta http-equiv="Content-Type" content="text/html;charset=utf-8" />
  <meta name='ocr-system' content='tesseract 3.04.00' />
  <meta name='ocr-capabilities' content='ocr_page ocr_carea ocr_par ocr_line ocrx_word'/>
</head>
<body>
  <div class='ocr_page' id='page_1' title='image "./patrologiaecurs00berngoog/patrologiaecurs00berngoog_0232.png"; bbox 0 0 4109 6325; ppageno 0'>
   <div class='ocr_carea' id='block_1_1' title="bbox 274 313 1919 402">
    <p class='ocr_par' dir='ltr' id='par_1_1' title="bbox 274 313 1919 402">
     <span class='ocr_line' id='line_1_1' title="bbox 274 313 1919 402; baseline -0.004 -20"><span class='ocrx_word' id='word_1_1' title='bbox 274 329 335 402; x_wconf 64' lang='lat' dir='ltr'><strong>iiiiii</strong></span> <span class='ocrx_word' id='word_1_2' title='bbox 724 319 921 380; x_wconf 77' lang='lat' dir='ltr'><strong>le&#39;OCENTil</strong></span> <span class='ocrx_word' id='word_1_3' title='bbox 939 320 973 378; x_wconf 91' lang='lat' dir='ltr'><strong>ui</strong></span> <span class='ocrx_word' id='word_1_4' title='bbox 993 319 1046 376; x_wconf 81' lang='lat' dir='ltr'><strong>tn.</strong></span> <span class='ocrx_word' id='word_1_5' title='bbox 1068 316 1304 377; x_wconf 73' lang='lat' dir='ltr'><strong>nutrissenhu</strong></span> <span class='ocrx_word' id='word_1_6' title='bbox 1322 316 1389 374; x_wconf 82' lang='lat' dir='ltr'><strong>hin.</strong></span> <span class='ocrx_word' id='word_1_7' title='bbox 1408 313 1479 375; x_wconf 84' lang='lat' dir='ltr'><strong>itti.</strong></span> <span class='ocrx_word' id='word_1_8' title='bbox 1865 317 1919 376; x_wconf 82' lang='lat' dir='ltr'><strong>int</strong></span> 
     </span>
    </p>
   </div>
   <div class='ocr_carea' id='block_1_2' title="bbox 271 429 1918 2166">
    <p class='ocr_par' dir='ltr' id='par_1_2' title="bbox 271 429 1918 2166">
     <span class='ocr_line' id='line_1_2' title="bbox 281 429 1918 514; baseline -0.007 -12"><span class='ocrx_word' id='word_1_9' title='bbox 281 445 425 512; x_wconf 79' lang='lat' dir='ltr'><strong>risitaret,</strong></span> <span class='ocrx_word' id='word_1_10' title='bbox 439 455 488 514; x_wconf 83' lang='lat' dir='ltr'><strong>per</strong></span> <span class='ocrx_word' id='word_1_11' title='bbox 511 436 720 511; x_wconf 88' lang='lat' dir='ltr'><strong>impressionem</strong></span> <span class='ocrx_word' id='word_1_12' title='bbox 747 437 897 493; x_wconf 80' lang='lat' dir='ltr'><strong>tanriemet</strong></span> <span class='ocrx_word' id='word_1_13' title='bbox 917 434 1074 512; x_wconf 80' lang='lat' dir='ltr'><strong>uiolentiam</strong></span> <span class='ocrx_word' id='word_1_14' title='bbox 1090 439 1112 499; x_wconf 71' lang='grc' dir='ltr'><strong>Α</strong></span> <span class='ocrx_word' id='word_1_15' title='bbox 1128 433 1231 502; x_wconf 88' lang='lat' dir='ltr'><strong>matio;</strong></span> <span class='ocrx_word' id='word_1_16' title='bbox 1258 449 1340 506; x_wconf 90' lang='lat' dir='ltr'><strong>super</strong></span> <span class='ocrx_word' id='word_1_17' title='bbox 1364 449 1397 493; x_wconf 94' lang='lat' dir='ltr'><strong>eo</strong></span> <span class='ocrx_word' id='word_1_18' title='bbox 1423 436 1595 508; x_wconf 68' lang='lat' dir='ltr'><strong>assignantes</strong></span> <span class='ocrx_word' id='word_1_19' title='bbox 1618 429 1698 488; x_wconf 87' lang='lat' dir='ltr'><strong>talem</strong></span> <span class='ocrx_word' id='word_1_20' title='bbox 1721 431 1756 488; x_wconf 79' lang='lat' dir='ltr'><strong>tie</strong></span> <span class='ocrx_word' id='word_1_21' title='bbox 1775 431 1918 505; x_wconf 75' lang='lat' dir='ltr'><strong>priuilegio</strong></span> 
     </span>
     <span class='ocr_line' id='line_1_3' title="bbox 284 522 1918 603; baseline -0.011 -7"><span class='ocrx_word' id='word_1_22' title='bbox 284 541 384 598; x_wconf 89' lang='lat' dir='ltr'><strong>nobilis</strong></span> <span class='ocrx_word' id='word_1_23' title='bbox 397 535 540 594; x_wconf 88' lang='lat' dir='ltr'><strong>memorati</strong></span> <span class='ocrx_word' id='word_1_24' title='bbox 561 531 720 603; x_wconf 82' lang='lat' dir='ltr'><strong>praedictam</strong></span> <span class='ocrx_word' id='word_1_25' title='bbox 734 529 811 586; x_wconf 85' lang='lat' dir='ltr'><strong>uobis</strong></span> <span class='ocrx_word' id='word_1_26' title='bbox 827 529 973 587; x_wconf 89' lang='lat' dir='ltr'><strong>ecclesiam</strong></span> <span class='ocrx_word' id='word_1_27' title='bbox 996 542 1074 583; x_wconf 81' lang='lat' dir='ltr'><strong>com-</strong></span> <span class='ocrx_word' id='word_1_28' title='bbox 1126 522 1221 578; x_wconf 90' lang='lat' dir='ltr'><strong>ultimo</strong></span> <span class='ocrx_word' id='word_1_29' title='bbox 1239 525 1371 580; x_wconf 89' lang='lat' dir='ltr'><strong>rationem</strong></span> <span class='ocrx_word' id='word_1_30' title='bbox 1391 524 1462 595; x_wconf 81' lang='lat' dir='ltr'><strong>quoti</strong></span> <span class='ocrx_word' id='word_1_31' title='bbox 1484 525 1518 580; x_wconf 85' lang='lat' dir='ltr'><strong>tle</strong></span> <span class='ocrx_word' id='word_1_32' title='bbox 1538 525 1596 596; x_wconf 87' lang='lat' dir='ltr'><strong>ipso</strong></span> <span class='ocrx_word' id='word_1_33' title='bbox 1620 536 1675 578; x_wconf 91' lang='lat' dir='ltr'><strong>uon</strong></span> <span class='ocrx_word' id='word_1_34' title='bbox 1701 522 1918 580; x_wconf 88' lang='lat' dir='ltr'><strong>curulumentum</strong></span> 
     </span>
     <span class='ocr_line' id='line_1_4' title="bbox 271 613 1918 704; baseline -0.007 -18"><span class='ocrx_word' id='word_1_35' title='bbox 271 630 378 704; x_wconf 81' lang='lat' dir='ltr'><strong>pulsus</strong></span> <span class='ocrx_word' id='word_1_36' title='bbox 392 635 434 684; x_wconf 88' lang='lat' dir='ltr'><strong>est</strong></span> <span class='ocrx_word' id='word_1_37' title='bbox 446 623 621 680; x_wconf 88' lang='lat' dir='ltr'><strong>conllrmare.</strong></span> <span class='ocrx_word' id='word_1_38' title='bbox 634 619 676 677; x_wconf 78' lang='lat' dir='ltr'><strong>hul</strong></span> <span class='ocrx_word' id='word_1_39' title='bbox 690 619 748 676; x_wconf 74' lang='lat' dir='ltr'><strong>btec</strong></span> <span class='ocrx_word' id='word_1_40' title='bbox 763 629 855 677; x_wconf 89' lang='lat' dir='ltr'><strong>autem</strong></span> <span class='ocrx_word' id='word_1_41' title='bbox 867 635 917 676; x_wconf 83' lang='lat' dir='ltr'><strong>uos</strong></span> <span class='ocrx_word' id='word_1_42' title='bbox 932 619 959 674; x_wconf 92' lang='lat' dir='ltr'><strong>in</strong></span> <span class='ocrx_word' id='word_1_43' title='bbox 979 627 1073 674; x_wconf 88' lang='lat' dir='ltr'><strong>nostra</strong></span> <span class='ocrx_word' id='word_1_44' title='bbox 1126 613 1173 670; x_wconf 84' lang='lat' dir='ltr'><strong>scri</strong></span> <span class='ocrx_word' id='word_1_45' title='bbox 1192 630 1302 686; x_wconf 88' lang='lat' dir='ltr'><strong>poenam</strong></span> <span class='ocrx_word' id='word_1_46' title='bbox 1332 615 1464 672; x_wconf 90' lang='lat' dir='ltr'><strong>deberent</strong></span> <span class='ocrx_word' id='word_1_47' title='bbox 1487 615 1536 687; x_wconf 91' lang='lat' dir='ltr'><strong>ipsi</strong></span> <span class='ocrx_word' id='word_1_48' title='bbox 1559 615 1686 672; x_wconf 88' lang='lat' dir='ltr'><strong>monachi</strong></span> <span class='ocrx_word' id='word_1_49' title='bbox 1708 615 1799 686; x_wconf 88' lang='lat' dir='ltr'><strong>potius</strong></span> <span class='ocrx_word' id='word_1_50' title='bbox 1823 632 1918 686; x_wconf 86' lang='lat' dir='ltr'><strong>repor-</strong></span> 
     </span>
     <span class='ocr_line' id='line_1_5' title="bbox 282 698 1918 796; baseline -0.005 -21"><span class='ocrx_word' id='word_1_51' title='bbox 282 698 428 791; x_wconf 80' lang='lat' dir='ltr'><strong>prosseutia</strong></span> <span class='ocrx_word' id='word_1_52' title='bbox 446 711 629 796; x_wconf 87' lang='lat' dir='ltr'><strong>respondistis</strong></span> <span class='ocrx_word' id='word_1_53' title='bbox 649 718 760 766; x_wconf 88' lang='lat' dir='ltr'><strong>econtra</strong></span> <span class='ocrx_word' id='word_1_54' title='bbox 783 711 855 782; x_wconf 91' lang='lat' dir='ltr'><strong>quod</strong></span> <span class='ocrx_word' id='word_1_55' title='bbox 874 711 938 768; x_wconf 84' lang='lat' dir='ltr'><strong>licet</strong></span> <span class='ocrx_word' id='word_1_56' title='bbox 956 709 1074 766; x_wconf 88' lang='lat' dir='ltr'><strong>ecclesia</strong></span> <span class='ocrx_word' id='word_1_57' title='bbox 1127 717 1195 777; x_wconf 87' lang='lat' dir='ltr'><strong>iare,</strong></span> <span class='ocrx_word' id='word_1_58' title='bbox 1211 711 1284 781; x_wconf 88' lang='lat' dir='ltr'><strong>quia,</strong></span> <span class='ocrx_word' id='word_1_59' title='bbox 1302 724 1363 766; x_wconf 84' lang='lat' dir='ltr'><strong>carru</strong></span> <span class='ocrx_word' id='word_1_60' title='bbox 1378 709 1435 780; x_wconf 84' lang='lat' dir='ltr'><strong>jam</strong></span> <span class='ocrx_word' id='word_1_61' title='bbox 1450 709 1564 782; x_wconf 72' lang='lat' dir='ltr'><strong>quaestio</strong></span> <span class='ocrx_word' id='word_1_62' title='bbox 1580 709 1664 780; x_wconf 85' lang='lat' dir='ltr'><strong>ipsius</strong></span> <span class='ocrx_word' id='word_1_63' title='bbox 1681 710 1804 766; x_wconf 79' lang='lat' dir='ltr'><strong>ccclesiae</strong></span> <span class='ocrx_word' id='word_1_64' title='bbox 1819 711 1854 768; x_wconf 88' lang='lat' dir='ltr'><strong>ad</strong></span> <span class='ocrx_word' id='word_1_65' title='bbox 1868 727 1918 766; x_wconf 90' lang='lat' dir='ltr'><strong>ao·</strong></span> 
     </span>
     <span class='ocr_line' id='line_1_6' title="bbox 283 800 1915 884; baseline -0.006 -17"><span class='ocrx_word' id='word_1_66' title='bbox 283 813 341 884; x_wconf 88' lang='lat' dir='ltr'><strong>ipsa</strong></span> <span class='ocrx_word' id='word_1_67' title='bbox 355 824 404 882; x_wconf 88' lang='lat' dir='ltr'><strong>per</strong></span> <span class='ocrx_word' id='word_1_68' title='bbox 419 823 591 868; x_wconf 85' lang='lat' dir='ltr'><strong>oeeorremum</strong></span> <span class='ocrx_word' id='word_1_69' title='bbox 604 817 631 865; x_wconf 90' lang='lat' dir='ltr'><strong>et</strong></span> <span class='ocrx_word' id='word_1_70' title='bbox 647 808 796 865; x_wconf 87' lang='lat' dir='ltr'><strong>monachos</strong></span> <span class='ocrx_word' id='word_1_71' title='bbox 811 802 985 874; x_wconf 84' lang='lat' dir='ltr'><strong>supradictos</strong></span> <span class='ocrx_word' id='word_1_72' title='bbox 1005 818 1074 860; x_wconf 89' lang='lat' dir='ltr'><strong>con·</strong></span> <span class='ocrx_word' id='word_1_73' title='bbox 1125 810 1212 857; x_wconf 88' lang='lat' dir='ltr'><strong>strum</strong></span> <span class='ocrx_word' id='word_1_74' title='bbox 1235 801 1318 856; x_wconf 89' lang='lat' dir='ltr'><strong>luerit</strong></span> <span class='ocrx_word' id='word_1_75' title='bbox 1341 815 1454 857; x_wconf 78' lang='lat' dir='ltr'><strong>examen</strong></span> <span class='ocrx_word' id='word_1_76' title='bbox 1478 800 1603 866; x_wconf 83' lang='lat' dir='ltr'><strong>deducta,</strong></span> <span class='ocrx_word' id='word_1_77' title='bbox 1621 801 1759 870; x_wconf 89' lang='lat' dir='ltr'><strong>petierunt</strong></span> <span class='ocrx_word' id='word_1_78' title='bbox 1779 801 1833 858; x_wconf 82' lang='lat' dir='ltr'>sibi</span> <span class='ocrx_word' id='word_1_79' title='bbox 1856 815 1915 858; x_wconf 80' lang='lat' dir='ltr'><strong>rosta</strong></span> 
     </span>
     <span class='ocr_line' id='line_1_7' title="bbox 272 893 1916 965; baseline -0.005 -5"><span class='ocrx_word' id='word_1_80' title='bbox 272 917 360 960; x_wconf 79' lang='lat' dir='ltr'><strong>cessa</strong></span> <span class='ocrx_word' id='word_1_81' title='bbox 382 900 478 958; x_wconf 86' lang='lat' dir='ltr'><strong>luisset</strong></span> <span class='ocrx_word' id='word_1_82' title='bbox 500 903 667 959; x_wconf 88' lang='lat' dir='ltr'><strong>monasterio</strong></span> <span class='ocrx_word' id='word_1_83' title='bbox 691 895 836 953; x_wconf 88' lang='lat' dir='ltr'><strong>Coraceusi</strong></span> <span class='ocrx_word' id='word_1_84' title='bbox 849 900 865 961; x_wconf 80' lang='lat'><strong>,&#39;</strong></span> <span class='ocrx_word' id='word_1_85' title='bbox 882 901 964 965; x_wconf 85' lang='lat' dir='ltr'><strong>prout</strong></span> <span class='ocrx_word' id='word_1_86' title='bbox 989 893 1074 964; x_wconf 87' lang='lat' dir='ltr'><strong>ipsius</strong></span> <span class='ocrx_word' id='word_1_87' title='bbox 1126 893 1272 965; x_wconf 71' lang='lat' dir='ltr'><strong>litigiosam</strong></span> <span class='ocrx_word' id='word_1_88' title='bbox 1299 907 1347 964; x_wconf 88' lang='lat' dir='ltr'><strong>per</strong></span> <span class='ocrx_word' id='word_1_89' title='bbox 1373 901 1537 962; x_wconf 89' lang='lat' dir='ltr'><strong>potestatem</strong></span> <span class='ocrx_word' id='word_1_90' title='bbox 1554 894 1714 950; x_wconf 75' lang='lat' dir='ltr'><strong>securiorem</strong></span> <span class='ocrx_word' id='word_1_91' title='bbox 1734 893 1849 951; x_wconf 86' lang='lat' dir='ltr'><strong>concedi</strong></span> <span class='ocrx_word' id='word_1_92' title='bbox 1867 909 1916 952; x_wconf 87' lang='lat' dir='ltr'><strong>scu</strong></span> 
     </span>
     <span class='ocr_line' id='line_1_8' title="bbox 281 983 1917 1057; baseline -0.002 -10"><span class='ocrx_word' id='word_1_93' title='bbox 281 993 408 1050; x_wconf 86' lang='lat' dir='ltr'><strong>ruouaclti</strong></span> <span class='ocrx_word' id='word_1_94' title='bbox 421 993 590 1057; x_wconf 87' lang='lat' dir='ltr'><strong>astmehent,</strong></span> <span class='ocrx_word' id='word_1_95' title='bbox 610 989 816 1048; x_wconf 83' lang='lat' dir='ltr'><strong>concessionem</strong></span> <span class='ocrx_word' id='word_1_96' title='bbox 828 985 909 1043; x_wconf 88' lang='lat' dir='ltr'><strong>talem</strong></span> <span class='ocrx_word' id='word_1_97' title='bbox 923 985 968 1041; x_wconf 91' lang='lat' dir='ltr'><strong>bis</strong></span> <span class='ocrx_word' id='word_1_98' title='bbox 988 985 1074 1041; x_wconf 89' lang='lat' dir='ltr'><strong>ratio·</strong></span> <span class='ocrx_word' id='word_1_99' title='bbox 1124 985 1206 1041; x_wconf 86' lang='lat' dir='ltr'><strong>etiam</strong></span> <span class='ocrx_word' id='word_1_100' title='bbox 1233 984 1401 1041; x_wconf 88' lang='lat' dir='ltr'><strong>coniirmari.</strong></span> <span class='ocrx_word' id='word_1_101' title='bbox 1430 983 1531 1041; x_wconf 87' lang='lat' dir='ltr'><strong>Contra</strong></span> <span class='ocrx_word' id='word_1_102' title='bbox 1558 986 1794 1042; x_wconf 85' lang='lat' dir='ltr'><strong>conlrmationem</strong></span> <span class='ocrx_word' id='word_1_103' title='bbox 1824 996 1917 1044; x_wconf 75' lang='lat' dir='ltr'><strong>auum</strong></span> 
     </span>
     <span class='ocr_line' id='line_1_9' title="bbox 282 1075 1917 1153; baseline -0.004 -16"><span class='ocrx_word' id='word_1_104' title='bbox 282 1081 363 1140; x_wconf 87' lang='lat' dir='ltr'><strong>nibus</strong></span> <span class='ocrx_word' id='word_1_105' title='bbox 376 1082 511 1140; x_wconf 82' lang='lat' dir='ltr'><strong>dicebatis</strong></span> <span class='ocrx_word' id='word_1_106' title='bbox 532 1083 644 1153; x_wconf 85' lang='lat' dir='ltr'><strong>penitus</strong></span> <span class='ocrx_word' id='word_1_107' title='bbox 665 1096 719 1137; x_wconf 92' lang='lat' dir='ltr'><strong>uon</strong></span> <span class='ocrx_word' id='word_1_108' title='bbox 735 1088 851 1144; x_wconf 85' lang='lat' dir='ltr'><strong>teuere;</strong></span> <span class='ocrx_word' id='word_1_109' title='bbox 872 1085 930 1134; x_wconf 90' lang='lat' dir='ltr'><strong>tum</strong></span> <span class='ocrx_word' id='word_1_110' title='bbox 944 1077 1010 1148; x_wconf 87' lang='lat' dir='ltr'><strong>quia</strong></span> <span class='ocrx_word' id='word_1_111' title='bbox 1024 1090 1075 1146; x_wconf 92' lang='lat' dir='ltr'><strong>pcr</strong></span> <span class='ocrx_word' id='word_1_112' title='bbox 1124 1090 1171 1134; x_wconf 91' lang='lat' dir='ltr'><strong>scu</strong></span> <span class='ocrx_word' id='word_1_113' title='bbox 1199 1076 1404 1132; x_wconf 84' lang='lat' dir='ltr'><strong>concessionem</strong></span> <span class='ocrx_word' id='word_1_114' title='bbox 1433 1075 1631 1146; x_wconf 87' lang='lat' dir='ltr'><strong>archiepiscopi</strong></span> <span class='ocrx_word' id='word_1_115' title='bbox 1665 1075 1803 1146; x_wconf 70' lang='lat' dir='ltr'><strong>allegastis</strong></span> <span class='ocrx_word' id='word_1_116' title='bbox 1845 1078 1917 1146; x_wconf 81' lang='lat' dir='ltr'><strong>quoii</strong></span> 
     </span>
     <span class='ocr_line' id='line_1_10' title="bbox 281 1167 1917 1241; baseline -0.002 -13"><span class='ocrx_word' id='word_1_117' title='bbox 281 1174 344 1231; x_wconf 91' lang='lat' dir='ltr'><strong>ilios</strong></span> <span class='ocrx_word' id='word_1_118' title='bbox 365 1173 460 1230; x_wconf 89' lang='lat' dir='ltr'><strong>eadem</strong></span> <span class='ocrx_word' id='word_1_119' title='bbox 481 1172 553 1230; x_wconf 89' lang='lat' dir='ltr'><strong>lacta</strong></span> <span class='ocrx_word' id='word_1_120' title='bbox 567 1172 657 1228; x_wconf 89' lang='lat' dir='ltr'><strong>iuerat</strong></span> <span class='ocrx_word' id='word_1_121' title='bbox 674 1171 720 1241; x_wconf 94' lang='lat' dir='ltr'><strong>qui</strong></span> <span class='ocrx_word' id='word_1_122' title='bbox 742 1184 867 1241; x_wconf 80' lang='lat' dir='ltr'><strong>personae</strong></span> <span class='ocrx_word' id='word_1_123' title='bbox 886 1185 940 1225; x_wconf 90' lang='lat' dir='ltr'><strong>non</strong></span> <span class='ocrx_word' id='word_1_124' title='bbox 956 1168 1074 1226; x_wconf 83' lang='lat' dir='ltr'><strong>eastitc-</strong></span> <span class='ocrx_word' id='word_1_125' title='bbox 1125 1183 1182 1224; x_wconf 90' lang='lat' dir='ltr'><strong>rem</strong></span> <span class='ocrx_word' id='word_1_126' title='bbox 1200 1183 1216 1222; x_wconf 91' lang='lat' dir='ltr'><strong>a</strong></span> <span class='ocrx_word' id='word_1_127' title='bbox 1231 1169 1308 1224; x_wconf 89' lang='lat' dir='ltr'><strong>uobis</strong></span> <span class='ocrx_word' id='word_1_128' title='bbox 1323 1183 1493 1240; x_wconf 79' lang='lat' dir='ltr'><strong>possessam,</strong></span> <span class='ocrx_word' id='word_1_129' title='bbox 1516 1174 1543 1220; x_wconf 89' lang='lat' dir='ltr'><strong>er</strong></span> <span class='ocrx_word' id='word_1_130' title='bbox 1558 1167 1702 1223; x_wconf 87' lang='lat' dir='ltr'><strong>abeodem</strong></span> <span class='ocrx_word' id='word_1_131' title='bbox 1719 1170 1801 1238; x_wconf 86' lang='lat' dir='ltr'><strong>etiam</strong></span> <span class='ocrx_word' id='word_1_132' title='bbox 1817 1169 1917 1225; x_wconf 83' lang='lat' dir='ltr'><strong>counr-</strong></span> 
     </span>
     <span class='ocr_line' id='line_1_11' title="bbox 283 1256 1917 1338; baseline -0.006 -16"><span class='ocrx_word' id='word_1_133' title='bbox 283 1276 344 1322; x_wconf 90' lang='lat' dir='ltr'><strong>raut</strong></span> <span class='ocrx_word' id='word_1_134' title='bbox 359 1266 534 1338; x_wconf 83' lang='lat' dir='ltr'><strong>principales,</strong></span> <span class='ocrx_word' id='word_1_135' title='bbox 550 1264 670 1322; x_wconf 84' lang='lat' dir='ltr'><strong>ecclesia</strong></span> <span class='ocrx_word' id='word_1_136' title='bbox 693 1271 758 1319; x_wconf 91' lang='lat' dir='ltr'><strong>tunc</strong></span> <span class='ocrx_word' id='word_1_137' title='bbox 772 1271 902 1329; x_wconf 87' lang='lat' dir='ltr'><strong>uacaute;</strong></span> <span class='ocrx_word' id='word_1_138' title='bbox 918 1269 975 1317; x_wconf 91' lang='lat' dir='ltr'><strong>tum</strong></span> <span class='ocrx_word' id='word_1_139' title='bbox 988 1260 1073 1316; x_wconf 90' lang='lat' dir='ltr'><strong>ctiam</strong></span> <span class='ocrx_word' id='word_1_140' title='bbox 1125 1266 1244 1325; x_wconf 84' lang='lat' dir='ltr'><strong>iuratam,</strong></span> <span class='ocrx_word' id='word_1_141' title='bbox 1261 1256 1318 1327; x_wconf 89' lang='lat' dir='ltr'><strong>ipse</strong></span> <span class='ocrx_word' id='word_1_142' title='bbox 1332 1256 1385 1314; x_wconf 90' lang='lat' dir='ltr'><strong>illis</strong></span> <span class='ocrx_word' id='word_1_143' title='bbox 1398 1256 1547 1314; x_wconf 82' lang='lat' dir='ltr'><strong>concedere</strong></span> <span class='ocrx_word' id='word_1_144' title='bbox 1559 1256 1603 1313; x_wconf 85' lang='lat' dir='ltr'><strong>rel</strong></span> <span class='ocrx_word' id='word_1_145' title='bbox 1622 1257 1787 1312; x_wconf 87' lang='lat' dir='ltr'><strong>conilrmare</strong></span> <span class='ocrx_word' id='word_1_146' title='bbox 1800 1272 1855 1313; x_wconf 91' lang='lat' dir='ltr'><strong>nou</strong></span> <span class='ocrx_word' id='word_1_147' title='bbox 1870 1258 1917 1314; x_wconf 87' lang='lat' dir='ltr'><strong>tle-</strong></span> 
     </span>
     <span class='ocr_line' id='line_1_12' title="bbox 283 1346 1917 1428; baseline -0.005 -16"><span class='ocrx_word' id='word_1_148' title='bbox 283 1358 414 1426; x_wconf 86' lang='lat' dir='ltr'><strong>quouiam</strong></span> <span class='ocrx_word' id='word_1_149' title='bbox 428 1357 507 1428; x_wconf 74' lang='lat' dir='ltr'><strong>louge</strong></span> <span class='ocrx_word' id='word_1_150' title='bbox 519 1365 584 1412; x_wconf 88' lang='lat' dir='ltr'><strong>aute</strong></span> <span class='ocrx_word' id='word_1_151' title='bbox 596 1370 646 1428; x_wconf 89' lang='lat' dir='ltr'><strong>per</strong></span> <span class='ocrx_word' id='word_1_152' title='bbox 654 1354 779 1412; x_wconf 90' lang='lat' dir='ltr'><strong>llirolum</strong></span> <span class='ocrx_word' id='word_1_153' title='bbox 794 1353 932 1426; x_wconf 84' lang='lat' dir='ltr'><strong>quondam</strong></span> <span class='ocrx_word' id='word_1_154' title='bbox 943 1352 1009 1408; x_wconf 89' lang='lat' dir='ltr'><strong>dicti</strong></span> <span class='ocrx_word' id='word_1_155' title='bbox 1021 1351 1073 1408; x_wconf 86' lang='lat' dir='ltr'><strong>loci</strong></span> <span class='ocrx_word' id='word_1_156' title='bbox 1125 1347 1197 1413; x_wconf 77' lang='lat' dir='ltr'><strong>huit3</strong></span> <span class='ocrx_word' id='word_1_157' title='bbox 1210 1347 1330 1404; x_wconf 80' lang='lat' dir='ltr'><strong>maxime</strong></span> <span class='ocrx_word' id='word_1_158' title='bbox 1342 1359 1485 1418; x_wconf 73' lang='lat' dir='ltr'><strong>postquam</strong></span> <span class='ocrx_word' id='word_1_159' title='bbox 1498 1347 1526 1402; x_wconf 92' lang='lat' dir='ltr'><strong>in</strong></span> <span class='ocrx_word' id='word_1_160' title='bbox 1542 1347 1616 1402; x_wconf 90' lang='lat' dir='ltr'><strong>litem</strong></span> <span class='ocrx_word' id='word_1_161' title='bbox 1629 1346 1743 1402; x_wconf 85' lang='lat' dir='ltr'><strong>deducta</strong></span> <span class='ocrx_word' id='word_1_162' title='bbox 1760 1348 1876 1414; x_wconf 83' lang='lat' dir='ltr'><strong>exstitit,</strong></span> <span class='ocrx_word' id='word_1_163' title='bbox 1890 1356 1917 1404; x_wconf 91' lang='lat' dir='ltr'><strong>et</strong></span> 
     </span>
     <span class='ocr_line' id='line_1_13' title="bbox 275 1437 1916 1513; baseline -0.007 -8"><span class='ocrx_word' id='word_1_164' title='bbox 275 1449 495 1506; x_wconf 45' lang='lat' dir='ltr'><strong>‘Calahremarise</strong></span> <span class='ocrx_word' id='word_1_165' title='bbox 516 1447 655 1513; x_wconf 83' lang='lat' dir='ltr'><strong>abbatom,</strong></span> <span class='ocrx_word' id='word_1_166' title='bbox 671 1447 706 1504; x_wconf 85' lang='lat' dir='ltr'><strong>tle</strong></span> <span class='ocrx_word' id='word_1_167' title='bbox 730 1461 865 1504; x_wconf 87' lang='lat' dir='ltr'><strong>consensu</strong></span> <span class='ocrx_word' id='word_1_168' title='bbox 888 1455 917 1502; x_wconf 90' lang='lat' dir='ltr'><strong>ct</strong></span> <span class='ocrx_word' id='word_1_169' title='bbox 934 1444 1074 1501; x_wconf 86' lang='lat' dir='ltr'><strong>uoluntate</strong></span> <span class='ocrx_word' id='word_1_170' title='bbox 1126 1440 1158 1494; x_wconf 84' lang='lat' dir='ltr'><strong>atl</strong></span> <span class='ocrx_word' id='word_1_171' title='bbox 1180 1453 1326 1496; x_wconf 85' lang='lat' dir='ltr'><strong>censuram</strong></span> <span class='ocrx_word' id='word_1_172' title='bbox 1350 1438 1484 1494; x_wconf 81' lang='lat' dir='ltr'><strong>erautiuis</strong></span> <span class='ocrx_word' id='word_1_173' title='bbox 1507 1437 1590 1494; x_wconf 89' lang='lat' dir='ltr'><strong>nostri</strong></span> <span class='ocrx_word' id='word_1_174' title='bbox 1614 1438 1727 1508; x_wconf 87' lang='lat' dir='ltr'><strong>perlata.</strong></span> <span class='ocrx_word' id='word_1_175' title='bbox 1752 1437 1830 1494; x_wconf 83' lang='lat' dir='ltr'><strong>Unde</strong></span> <span class='ocrx_word' id='word_1_176' title='bbox 1851 1454 1916 1495; x_wconf 88' lang='lat' dir='ltr'><strong>con-</strong></span> 
     </span>
     <span class='ocr_line' id='line_1_14' title="bbox 282 1526 1916 1612; baseline -0.011 -12"><span class='ocrx_word' id='word_1_177' title='bbox 282 1558 396 1600; x_wconf 85' lang='lat' dir='ltr'><strong>sueram</strong></span> <span class='ocrx_word' id='word_1_178' title='bbox 427 1542 562 1608; x_wconf 78' lang='lat' dir='ltr'><strong>fratrum,</strong></span> <span class='ocrx_word' id='word_1_179' title='bbox 590 1548 714 1612; x_wconf 89' lang='lat' dir='ltr'><strong>tempore</strong></span> <span class='ocrx_word' id='word_1_180' title='bbox 740 1538 819 1594; x_wconf 76' lang='lat' dir='ltr'><strong>house</strong></span> <span class='ocrx_word' id='word_1_181' title='bbox 845 1537 985 1608; x_wconf 72' lang='lat' dir='ltr'><strong>memorie</strong></span> <span class='ocrx_word' id='word_1_182' title='bbox 1010 1535 1074 1592; x_wconf 82' lang='lat' dir='ltr'><strong>ioa-</strong></span> <span class='ocrx_word' id='word_1_183' title='bbox 1125 1529 1212 1584; x_wconf 83' lang='lat' dir='ltr'><strong>cessio</strong></span> <span class='ocrx_word' id='word_1_184' title='bbox 1233 1527 1276 1585; x_wconf 87' lang='lat' dir='ltr'><strong>rel</strong></span> <span class='ocrx_word' id='word_1_185' title='bbox 1295 1530 1467 1588; x_wconf 78' lang='lat' dir='ltr'><strong>confirmatio</strong></span> <span class='ocrx_word' id='word_1_186' title='bbox 1495 1526 1652 1599; x_wconf 75' lang='lat' dir='ltr'><strong>instiusmodi</strong></span> <span class='ocrx_word' id='word_1_187' title='bbox 1675 1526 1776 1583; x_wconf 90' lang='lat' dir='ltr'><strong>nullius</strong></span> <span class='ocrx_word' id='word_1_188' title='bbox 1799 1527 1916 1584; x_wconf 90' lang='lat' dir='ltr'><strong>debehat</strong></span> 
     </span>
     <span class='ocr_line' id='line_1_15' title="bbox 282 1619 1918 1706; baseline -0.01 -14"><span class='ocrx_word' id='word_1_189' title='bbox 282 1637 355 1694; x_wconf 87' lang='lat' dir='ltr'><strong>chim</strong></span> <span class='ocrx_word' id='word_1_190' title='bbox 370 1634 445 1706; x_wconf 72' lang='lat' dir='ltr'><strong>(uti)</strong></span> <span class='ocrx_word' id='word_1_191' title='bbox 460 1633 540 1704; x_wconf 89' lang='lat' dir='ltr'><strong>primi</strong></span> <span class='ocrx_word' id='word_1_192' title='bbox 557 1631 666 1687; x_wconf 89' lang='lat' dir='ltr'><strong>abbatis</strong></span> <span class='ocrx_word' id='word_1_193' title='bbox 686 1630 780 1695; x_wconf 85' lang='lat' dir='ltr'><strong>vestri,</strong></span> <span class='ocrx_word' id='word_1_194' title='bbox 798 1631 872 1686; x_wconf 86' lang='lat' dir='ltr'><strong>dicta</strong></span> <span class='ocrx_word' id='word_1_195' title='bbox 892 1629 1010 1686; x_wconf 86' lang='lat' dir='ltr'><strong>ecclesia</strong></span> <span class='ocrx_word' id='word_1_196' title='bbox 1027 1643 1075 1684; x_wconf 83' lang='lat' dir='ltr'><strong>so·</strong></span> <span class='ocrx_word' id='word_1_197' title='bbox 1126 1621 1231 1678; x_wconf 76' lang='lat' dir='ltr'><strong>censeri</strong></span> <span class='ocrx_word' id='word_1_198' title='bbox 1244 1621 1356 1677; x_wconf 72' lang='lat' dir='ltr'><strong>valuns.</strong></span> <span class='ocrx_word' id='word_1_199' title='bbox 1377 1621 1491 1692; x_wconf 81' lang='lat' dir='ltr'><strong>Propter</strong></span> <span class='ocrx_word' id='word_1_200' title='bbox 1509 1637 1570 1692; x_wconf 81' lang='lat' dir='ltr'><strong>quae</strong></span> <span class='ocrx_word' id='word_1_201' title='bbox 1584 1637 1665 1694; x_wconf 89' lang='lat' dir='ltr'><strong>super</strong></span> <span class='ocrx_word' id='word_1_202' title='bbox 1684 1619 1802 1678; x_wconf 85' lang='lat' dir='ltr'><strong>eeclesia</strong></span> <span class='ocrx_word' id='word_1_203' title='bbox 1818 1633 1918 1689; x_wconf 87' lang='lat' dir='ltr'><strong>supra·</strong></span> 
     </span>
     <span class='ocr_line' id='line_1_16' title="bbox 277 1710 1917 1793; baseline -0.007 -17"><span class='ocrx_word' id='word_1_204' title='bbox 277 1728 331 1784; x_wconf 76' lang='lat' dir='ltr'><strong>his-</strong></span> <span class='ocrx_word' id='word_1_205' title='bbox 338 1740 469 1782; x_wconf 74' lang='lat' dir='ltr'><strong>concessa</strong></span> <span class='ocrx_word' id='word_1_206' title='bbox 481 1724 583 1788; x_wconf 77' lang='lat' dir='ltr'><strong>iuerat,</strong></span> <span class='ocrx_word' id='word_1_207' title='bbox 600 1731 626 1780; x_wconf 83' lang='grc' dir='ltr'><strong>ει</strong></span> <span class='ocrx_word' id='word_1_208' title='bbox 636 1729 701 1792; x_wconf 85' lang='lat' dir='ltr'><strong>post</strong></span> <span class='ocrx_word' id='word_1_209' title='bbox 713 1722 798 1793; x_wconf 84' lang='lat' dir='ltr'><strong>ipsius</strong></span> <span class='ocrx_word' id='word_1_210' title='bbox 809 1720 896 1778; x_wconf 74' lang='lat' dir='ltr'><strong>Kinoli</strong></span> <span class='ocrx_word' id='word_1_211' title='bbox 908 1721 1013 1778; x_wconf 83' lang='lat' dir='ltr'><strong>obitum</strong></span> <span class='ocrx_word' id='word_1_212' title='bbox 1025 1735 1075 1791; x_wconf 70' lang='lat' dir='ltr'><strong>per</strong></span> <span class='ocrx_word' id='word_1_213' title='bbox 1126 1711 1197 1767; x_wconf 82' lang='lat' dir='ltr'><strong>dicia</strong></span> <span class='ocrx_word' id='word_1_214' title='bbox 1221 1711 1358 1767; x_wconf 77' lang='lat' dir='ltr'><strong>silcnlittin</strong></span> <span class='ocrx_word' id='word_1_215' title='bbox 1380 1712 1483 1783; x_wconf 84' lang='lat' dir='ltr'><strong>imponi</strong></span> <span class='ocrx_word' id='word_1_216' title='bbox 1506 1711 1707 1768; x_wconf 75' lang='lat' dir='ltr'><strong>curacensibus</strong></span> <span class='ocrx_word' id='word_1_217' title='bbox 1733 1710 1875 1766; x_wconf 75' lang='lat' dir='ltr'><strong>monacbis</strong></span> <span class='ocrx_word' id='word_1_218' title='bbox 1891 1720 1917 1765; x_wconf 82' lang='lat' dir='ltr'><strong>el</strong></span> 
     </span>
     <span class='ocr_line' id='line_1_17' title="bbox 283 1780 1915 1890; baseline -0.002 -17"><span class='ocrx_word' id='word_1_219' title='bbox 283 1820 405 1890; x_wconf 82' lang='lat' dir='ltr'><strong>ejusdem</strong></span> <span class='ocrx_word' id='word_1_220' title='bbox 422 1818 575 1874; x_wconf 91' lang='lat' dir='ltr'><strong>monachos</strong></span> <span class='ocrx_word' id='word_1_221' title='bbox 597 1816 683 1888; x_wconf 88' lang='lat' dir='ltr'><strong>ipsius</strong></span> <span class='ocrx_word' id='word_1_222' title='bbox 703 1815 845 1872; x_wconf 86' lang='lat' dir='ltr'><strong>concessio</strong></span> <span class='ocrx_word' id='word_1_223' title='bbox 861 1815 1004 1872; x_wconf 85' lang='lat' dir='ltr'><strong>exstiterat</strong></span> <span class='ocrx_word' id='word_1_224' title='bbox 1016 1815 1076 1884; x_wconf 92' lang='lat' dir='ltr'><strong>plu·</strong></span> <span class='ocrx_word' id='word_1_225' title='bbox 1090 1780 1112 1835; x_wconf 68' lang='grc' dir='ltr'><strong>Β</strong></span> <span class='ocrx_word' id='word_1_226' title='bbox 1126 1803 1160 1858; x_wconf 60' lang='lat' dir='ltr'><strong>ab</strong></span> <span class='ocrx_word' id='word_1_227' title='bbox 1174 1803 1294 1874; x_wconf 73' lang='lat' dir='ltr'><strong>¹il⁵⁰i⁰¹¹¹</strong></span> <span class='ocrx_word' id='word_1_228' title='bbox 1321 1804 1491 1874; x_wconf 69' lang='lat' dir='ltr'><strong>ifflb⁰¹¹¹¹⁰¹l⁰</strong></span> <span class='ocrx_word' id='word_1_229' title='bbox 1514 1803 1616 1860; x_wconf 65' lang='lat' dir='ltr'><strong>ibss⁰¹li</strong></span> <span class='ocrx_word' id='word_1_230' title='bbox 1638 1802 1749 1888; x_wconf 53' lang='lat' dir='ltr'><strong>bennui</strong></span> <span class='ocrx_word' id='word_1_231' title='bbox 1771 1803 1915 1872; x_wconf 58' lang='lat' dir='ltr'><strong>helemiis·</strong></span> 
     </span>
     <span class='ocr_line' id='line_1_18' title="bbox 283 1893 1916 1982; baseline -0.008 -21"><span class='ocrx_word' id='word_1_232' title='bbox 283 1914 339 1968; x_wconf 73' lang='lat' dir='ltr'><strong>ries</strong></span> <span class='ocrx_word' id='word_1_233' title='bbox 358 1910 498 1976; x_wconf 74' lang='lat' dir='ltr'><strong>innovata,</strong></span> <span class='ocrx_word' id='word_1_234' title='bbox 523 1923 654 1982; x_wconf 71' lang='lat' dir='ltr'><strong>processu</strong></span> <span class='ocrx_word' id='word_1_235' title='bbox 681 1908 822 1979; x_wconf 66' lang='lat' dir='ltr'><strong>temporis,</strong></span> <span class='ocrx_word' id='word_1_236' title='bbox 848 1909 937 1979; x_wconf 67' lang='lat' dir='ltr'><strong>pulmo</strong></span> <span class='ocrx_word' id='word_1_237' title='bbox 964 1906 1074 1978; x_wconf 63' lang='lat' dir='ltr'><strong>quinem</strong></span> <span class='ocrx_word' id='word_1_238' title='bbox 1126 1893 1193 1950; x_wconf 89' lang='lat' dir='ltr'><strong>cnm</strong></span> <span class='ocrx_word' id='word_1_239' title='bbox 1210 1909 1274 1951; x_wconf 86' lang='lat' dir='ltr'><strong>uero</strong></span> <span class='ocrx_word' id='word_1_240' title='bbox 1287 1895 1469 1967; x_wconf 81' lang='lat' dir='ltr'><strong>dietijutlices</strong></span> <span class='ocrx_word' id='word_1_241' title='bbox 1484 1910 1568 1968; x_wconf 86' lang='lat' dir='ltr'><strong>snper</strong></span> <span class='ocrx_word' id='word_1_242' title='bbox 1585 1911 1673 1953; x_wconf 85' lang='lat' dir='ltr'><strong>cauuse</strong></span> <span class='ocrx_word' id='word_1_243' title='bbox 1689 1895 1795 1951; x_wconf 89' lang='lat' dir='ltr'><strong>meritis</strong></span> <span class='ocrx_word' id='word_1_244' title='bbox 1808 1893 1916 1950; x_wconf 82' lang='lat' dir='ltr'><strong>adiuri-</strong></span> 
     </span>
     <span class='ocr_line' id='line_1_19' title="bbox 282 1986 1918 2074; baseline 0 -17"><span class='ocrx_word' id='word_1_245' title='bbox 282 2002 409 2074; x_wconf 77' lang='lat' dir='ltr'><strong>aapituli,</strong></span> <span class='ocrx_word' id='word_1_246' title='bbox 427 2013 456 2060; x_wconf 90' lang='lat' dir='ltr'><strong>et</strong></span> <span class='ocrx_word' id='word_1_247' title='bbox 476 2001 596 2058; x_wconf 71' lang='lat' dir='ltr'><strong>moenaio</strong></span> <span class='ocrx_word' id='word_1_248' title='bbox 621 1999 701 2057; x_wconf 90' lang='lat' dir='ltr'><strong>electi</strong></span> <span class='ocrx_word' id='word_1_249' title='bbox 725 1999 979 2058; x_wconf 89' lang='lat' dir='ltr'><strong>coullrmationihus</strong></span> <span class='ocrx_word' id='word_1_250' title='bbox 996 2013 1076 2055; x_wconf 89' lang='lat' dir='ltr'><strong>acee-</strong></span> <span class='ocrx_word' id='word_1_251' title='bbox 1126 2001 1185 2042; x_wconf 70' lang='lat' dir='ltr'><strong>⁰0¹ss</strong></span> <span class='ocrx_word' id='word_1_252' title='bbox 1208 1986 1412 2056; x_wconf 65' lang='lat' dir='ltr'><strong>dl⁵⁰⁰ii¹²i0¹ili</strong></span> <span class='ocrx_word' id='word_1_253' title='bbox 1427 1995 1455 2044; x_wconf 65' lang='lat'><strong>0‘</strong></span> <span class='ocrx_word' id='word_1_254' title='bbox 1471 1994 1564 2058; x_wconf 63' lang='lat' dir='ltr'><strong>pillei</strong></span> <span class='ocrx_word' id='word_1_255' title='bbox 1587 2003 1698 2044; x_wconf 63' lang='lat' dir='ltr'><strong>eiufflffl</strong></span> <span class='ocrx_word' id='word_1_256' title='bbox 1720 1987 1807 2059; x_wconf 89' lang='lat' dir='ltr'><strong>ipsam</strong></span> <span class='ocrx_word' id='word_1_257' title='bbox 1823 1993 1918 2042; x_wconf 69' lang='lat' dir='ltr'><strong>⁰⁰⁵¹i⁰</strong></span> 
     </span>
     <span class='ocr_line' id='line_1_20' title="bbox 276 2079 1918 2166; baseline 0 -19"><span class='ocrx_word' id='word_1_258' title='bbox 276 2093 421 2164; x_wconf 70' lang='lat' dir='ltr'><strong>aientibus,</strong></span> <span class='ocrx_word' id='word_1_259' title='bbox 434 2109 490 2150; x_wconf 94' lang='lat' dir='ltr'><strong>non</strong></span> <span class='ocrx_word' id='word_1_260' title='bbox 503 2108 551 2166; x_wconf 91' lang='lat' dir='ltr'><strong>per</strong></span> <span class='ocrx_word' id='word_1_261' title='bbox 569 2093 777 2164; x_wconf 86' lang='lat' dir='ltr'><strong>impressionem</strong></span> <span class='ocrx_word' id='word_1_262' title='bbox 792 2090 835 2149; x_wconf 85' lang='lat' dir='ltr'><strong>uei</strong></span> <span class='ocrx_word' id='word_1_263' title='bbox 848 2092 1005 2148; x_wconf 87' lang='lat' dir='ltr'><strong>uiolentiam</strong></span> <span class='ocrx_word' id='word_1_264' title='bbox 1023 2107 1076 2148; x_wconf 93' lang='lat' dir='ltr'><strong>no-</strong></span> <span class='ocrx_word' id='word_1_265' title='bbox 1126 2079 1310 2150; x_wconf 90' lang='lat' dir='ltr'><strong>potiusquam</strong></span> <span class='ocrx_word' id='word_1_266' title='bbox 1321 2094 1415 2135; x_wconf 89' lang='lat' dir='ltr'><strong>eorum</strong></span> <span class='ocrx_word' id='word_1_267' title='bbox 1435 2080 1673 2151; x_wconf 66' lang='lat' dir='ltr'><strong>0i1²i⁶¹¹li¹¹d¹⁰5⁰</strong></span> <span class='ocrx_word' id='word_1_268' title='bbox 1688 2079 1841 2148; x_wconf 89' lang='lat' dir='ltr'><strong>terminari,</strong></span> <span class='ocrx_word' id='word_1_269' title='bbox 1863 2086 1918 2133; x_wconf 62' lang='lat'>‘³¹¹¹</span> 
     </span>
    </p>
   </div>
   <div class='ocr_carea' id='block_1_3' title="bbox 226 2167 1972 5187">
    <p class='ocr_par' dir='ltr' id='par_1_3' title="bbox 226 2167 1925 3719">
     <span class='ocr_line' id='line_1_21' title="bbox 278 2167 1919 2256; baseline -0.001 -16"><span class='ocrx_word' id='word_1_270' title='bbox 278 2185 346 2242; x_wconf 78' lang='lat' dir='ltr'><strong>utris</strong></span> <span class='ocrx_word' id='word_1_271' title='bbox 363 2185 512 2253; x_wconf 70' lang='lat' dir='ltr'><strong>sassures,</strong></span> <span class='ocrx_word' id='word_1_272' title='bbox 527 2184 574 2241; x_wconf 75' lang='lat' dir='ltr'><strong>seu</strong></span> <span class='ocrx_word' id='word_1_273' title='bbox 591 2184 914 2256; x_wconf 69' lang='lat' dir='ltr'><strong>persensissemus</strong></span> <span class='ocrx_word' id='word_1_274' title='bbox 928 2183 1077 2239; x_wconf 73' lang='lat' dir='ltr'><strong>uusravo·</strong></span> <span class='ocrx_word' id='word_1_275' title='bbox 1127 2169 1212 2238; x_wconf 83' lang='lat' dir='ltr'><strong>ipsam</strong></span> <span class='ocrx_word' id='word_1_276' title='bbox 1235 2183 1345 2224; x_wconf 69' lang='lat' dir='ltr'><strong>eausam</strong></span> <span class='ocrx_word' id='word_1_277' title='bbox 1372 2184 1454 2239; x_wconf 73' lang='lat' dir='ltr'><strong>quiam</strong></span> <span class='ocrx_word' id='word_1_278' title='bbox 1479 2180 1571 2240; x_wconf 75' lang='lat' dir='ltr'><strong>paries</strong></span> <span class='ocrx_word' id='word_1_279' title='bbox 1594 2185 1656 2225; x_wconf 79' lang='lat' dir='ltr'><strong>cum</strong></span> <span class='ocrx_word' id='word_1_280' title='bbox 1683 2167 1835 2225; x_wconf 64' lang='lat' dir='ltr'><strong>narraturum</strong></span> <span class='ocrx_word' id='word_1_281' title='bbox 1859 2183 1919 2238; x_wconf 71' lang='lat' dir='ltr'><strong>que</strong></span> 
     </span>
     <span class='ocr_line' id='line_1_22' title="bbox 282 2260 1919 2348; baseline 0.001 -16"><span class='ocrx_word' id='word_1_282' title='bbox 282 2279 412 2342; x_wconf 72' lang='lat' dir='ltr'><strong>ilintate,</strong></span> <span class='ocrx_word' id='word_1_283' title='bbox 441 2275 608 2348; x_wconf 76' lang='lat' dir='ltr'><strong>assiguando</strong></span> <span class='ocrx_word' id='word_1_284' title='bbox 642 2273 816 2330; x_wconf 87' lang='lat' dir='ltr'><strong>nihilomiuus</strong></span> <span class='ocrx_word' id='word_1_285' title='bbox 848 2273 968 2328; x_wconf 88' lang='lat' dir='ltr'><strong>rationes</strong></span> <span class='ocrx_word' id='word_1_286' title='bbox 1001 2274 1076 2343; x_wconf 85' lang='lat' dir='ltr'><strong>qtaotl</strong></span> <span class='ocrx_word' id='word_1_287' title='bbox 1126 2260 1351 2335; x_wconf 66' lang='lat' dir='ltr'><strong>1³0l¹¹¹¹⁰b²l¹¹¹²tl</strong></span> <span class='ocrx_word' id='word_1_288' title='bbox 1373 2276 1433 2316; x_wconf 68' lang='lat'><strong>0³¹⁰</strong></span> <span class='ocrx_word' id='word_1_289' title='bbox 1455 2261 1533 2333; x_wconf 68' lang='lat' dir='ltr'><strong>juill</strong></span> <span class='ocrx_word' id='word_1_290' title='bbox 1556 2261 1919 2318; x_wconf 64' lang='lat' dir='ltr'><strong>ffl³⁰d³¹¹¹¹⁰⁵¹f¹¹0⁰⁰f²¹¹¹</strong></span> 
     </span>
     <span class='ocr_line' id='line_1_23' title="bbox 279 2353 1917 2441; baseline 0.001 -17"><span class='ocrx_word' id='word_1_291' title='bbox 279 2368 454 2441; x_wconf 75' lang='lat' dir='ltr'><strong>priuilegium</strong></span> <span class='ocrx_word' id='word_1_292' title='bbox 473 2367 642 2423; x_wconf 85' lang='lat' dir='ltr'><strong>antedictum</strong></span> <span class='ocrx_word' id='word_1_293' title='bbox 655 2365 855 2422; x_wconf 85' lang='lat' dir='ltr'><strong>Curaeensibus</strong></span> <span class='ocrx_word' id='word_1_294' title='bbox 871 2380 925 2422; x_wconf 87' lang='lat' dir='ltr'><strong>noe</strong></span> <span class='ocrx_word' id='word_1_295' title='bbox 944 2362 1076 2436; x_wconf 77' lang='lat' dir='ltr'><strong>subroga-</strong></span> <span class='ocrx_word' id='word_1_296' title='bbox 1127 2353 1161 2408; x_wconf 73' lang='lat' dir='ltr'><strong>«ld</strong></span> <span class='ocrx_word' id='word_1_297' title='bbox 1174 2361 1294 2408; x_wconf 59' lang='lat' dir='ltr'><strong>”wilm</strong></span> <span class='ocrx_word' id='word_1_298' title='bbox 1309 2353 1482 2426; x_wconf 63' lang='lat' dir='ltr'><strong>iliae⁵⁰¹¹¹¹³¹¹¹</strong></span> <span class='ocrx_word' id='word_1_299' title='bbox 1497 2353 1672 2410; x_wconf 53' lang='lat' dir='ltr'><strong>mmmmm·</strong></span> <span class='ocrx_word' id='word_1_300' title='bbox 1695 2353 1810 2410; x_wconf 61' lang='lat' dir='ltr'><strong>Dimum</strong></span> <span class='ocrx_word' id='word_1_301' title='bbox 1822 2355 1917 2425; x_wconf 58' lang='lat' dir='ltr'><strong>Mille</strong></span> 
     </span>
     <span class='ocr_line' id='line_1_24' title="bbox 226 2442 1920 2532; baseline -0.008 -15"><span class='ocrx_word' id='word_1_302' title='bbox 226 2442 230 2448; x_wconf 42' lang='lat'>⁵</span> <span class='ocrx_word' id='word_1_303' title='bbox 282 2470 362 2519; x_wconf 82' lang='lat' dir='ltr'><strong>uetur</strong></span> <span class='ocrx_word' id='word_1_304' title='bbox 372 2461 400 2518; x_wconf 86' lang='lat' dir='ltr'><strong>in</strong></span> <span class='ocrx_word' id='word_1_305' title='bbox 411 2460 514 2532; x_wconf 89' lang='lat' dir='ltr'><strong>aliquo,</strong></span> <span class='ocrx_word' id='word_1_306' title='bbox 530 2459 593 2530; x_wconf 87' lang='lat' dir='ltr'><strong>quia</strong></span> <span class='ocrx_word' id='word_1_307' title='bbox 607 2459 738 2530; x_wconf 73' lang='lat' dir='ltr'><strong>preerlicta</strong></span> <span class='ocrx_word' id='word_1_308' title='bbox 752 2454 912 2523; x_wconf 89' lang='lat' dir='ltr'><strong>concessio,</strong></span> <span class='ocrx_word' id='word_1_309' title='bbox 927 2471 989 2526; x_wconf 75' lang='lat' dir='ltr'><strong>quae</strong></span> <span class='ocrx_word' id='word_1_310' title='bbox 1001 2455 1075 2513; x_wconf 77' lang='lat' dir='ltr'><strong>iacta</strong></span> <span class='ocrx_word' id='word_1_311' title='bbox 1127 2445 1232 2501; x_wconf 88' lang='lat' dir='ltr'><strong>dilectis</strong></span> <span class='ocrx_word' id='word_1_312' title='bbox 1247 2444 1310 2500; x_wconf 91' lang='lat' dir='ltr'><strong>liliis</strong></span> <span class='ocrx_word' id='word_1_313' title='bbox 1331 2443 1444 2502; x_wconf 85' lang='lat' dir='ltr'><strong>Nicoloo</strong></span> <span class='ocrx_word' id='word_1_314' title='bbox 1470 2445 1618 2502; x_wconf 85' lang='lat' dir='ltr'><strong>curacensi</strong></span> <span class='ocrx_word' id='word_1_315' title='bbox 1645 2455 1673 2501; x_wconf 91' lang='lat' dir='ltr'><strong>et</strong></span> <span class='ocrx_word' id='word_1_316' title='bbox 1697 2445 1811 2516; x_wconf 77' lang='lat' dir='ltr'><strong>liugone</strong></span> <span class='ocrx_word' id='word_1_317' title='bbox 1826 2447 1920 2518; x_wconf 89' lang='lat' dir='ltr'><strong>priore</strong></span> 
     </span>
     <span class='ocr_line' id='line_1_25' title="bbox 283 2539 1921 2620; baseline -0.01 -12"><span class='ocrx_word' id='word_1_318' title='bbox 283 2552 374 2609; x_wconf 80' lang='lat' dir='ltr'><strong>lauerat</strong></span> <span class='ocrx_word' id='word_1_319' title='bbox 388 2550 579 2620; x_wconf 80' lang='lat' dir='ltr'><strong>miuusiuste,</strong></span> <span class='ocrx_word' id='word_1_320' title='bbox 593 2565 643 2620; x_wconf 90' lang='lat' dir='ltr'><strong>per</strong></span> <span class='ocrx_word' id='word_1_321' title='bbox 657 2549 722 2604; x_wconf 86' lang='lat' dir='ltr'><strong>illutl</strong></span> <span class='ocrx_word' id='word_1_322' title='bbox 739 2563 792 2604; x_wconf 90' lang='lat' dir='ltr'><strong>nou</strong></span> <span class='ocrx_word' id='word_1_323' title='bbox 806 2547 967 2618; x_wconf 75' lang='lat' dir='ltr'><strong>intelligitur</strong></span> <span class='ocrx_word' id='word_1_324' title='bbox 989 2549 1076 2606; x_wconf 87' lang='lat' dir='ltr'><strong>ratio·</strong></span> <span class='ocrx_word' id='word_1_325' title='bbox 1128 2539 1221 2597; x_wconf 73' lang='lat' dir='ltr'><strong>Sancti</strong></span> <span class='ocrx_word' id='word_1_326' title='bbox 1241 2541 1350 2614; x_wconf 74' lang='lat' dir='ltr'><strong>Georgii</strong></span> <span class='ocrx_word' id='word_1_327' title='bbox 1374 2549 1401 2599; x_wconf 91' lang='lat' dir='ltr'><strong>et</strong></span> <span class='ocrx_word' id='word_1_328' title='bbox 1423 2539 1522 2612; x_wconf 83' lang='lat' dir='ltr'><strong>ioseph</strong></span> <span class='ocrx_word' id='word_1_329' title='bbox 1538 2540 1636 2596; x_wconf 87' lang='lat' dir='ltr'><strong>nestris</strong></span> <span class='ocrx_word' id='word_1_330' title='bbox 1659 2541 1804 2598; x_wconf 86' lang='lat' dir='ltr'><strong>monachis</strong></span> <span class='ocrx_word' id='word_1_331' title='bbox 1824 2551 1921 2598; x_wconf 81' lang='lat' dir='ltr'><strong>nostro</strong></span> 
     </span>
     <span class='ocr_line' id='line_1_26' title="bbox 284 2630 1921 2711; baseline -0.007 -10"><span class='ocrx_word' id='word_1_332' title='bbox 284 2645 412 2702; x_wconf 83' lang='lat' dir='ltr'><strong>nabibter</strong></span> <span class='ocrx_word' id='word_1_333' title='bbox 423 2642 603 2708; x_wconf 86' lang='lat' dir='ltr'><strong>conitrmata;</strong></span> <span class='ocrx_word' id='word_1_334' title='bbox 623 2641 741 2696; x_wconf 80' lang='lat' dir='ltr'><strong>masiano</strong></span> <span class='ocrx_word' id='word_1_335' title='bbox 754 2655 815 2697; x_wconf 83' lang='lat' dir='ltr'><strong>curun</strong></span> <span class='ocrx_word' id='word_1_336' title='bbox 831 2648 923 2696; x_wconf 92' lang='lat' dir='ltr'><strong>notam</strong></span> <span class='ocrx_word' id='word_1_337' title='bbox 939 2654 1075 2711; x_wconf 80' lang='lat' dir='ltr'><strong>expressae</strong></span> <span class='ocrx_word' id='word_1_338' title='bbox 1127 2632 1286 2703; x_wconf 86' lang='lat' dir='ltr'><strong>conspectui</strong></span> <span class='ocrx_word' id='word_1_339' title='bbox 1299 2631 1486 2704; x_wconf 76' lang='lat' dir='ltr'><strong>praesentatis,</strong></span> <span class='ocrx_word' id='word_1_340' title='bbox 1499 2639 1528 2688; x_wconf 90' lang='lat' dir='ltr'><strong>ei</strong></span> <span class='ocrx_word' id='word_1_341' title='bbox 1544 2647 1604 2702; x_wconf 81' lang='lat' dir='ltr'><strong>quae</strong></span> <span class='ocrx_word' id='word_1_342' title='bbox 1619 2641 1680 2689; x_wconf 89' lang='lat' dir='ltr'><strong>acta</strong></span> <span class='ocrx_word' id='word_1_343' title='bbox 1699 2630 1809 2689; x_wconf 87' lang='lat' dir='ltr'><strong>inerant</strong></span> <span class='ocrx_word' id='word_1_344' title='bbox 1822 2648 1921 2689; x_wconf 89' lang='lat' dir='ltr'><strong>coram</strong></span> 
     </span>
     <span class='ocr_line' id='line_1_27' title="bbox 285 2721 1920 2800; baseline -0.006 -9"><span class='ocrx_word' id='word_1_345' title='bbox 285 2734 426 2791; x_wconf 86' lang='lat' dir='ltr'><strong>contineat</strong></span> <span class='ocrx_word' id='word_1_346' title='bbox 448 2729 587 2796; x_wconf 85' lang='lat' dir='ltr'><strong>iuisitatis,</strong></span> <span class='ocrx_word' id='word_1_347' title='bbox 603 2745 666 2786; x_wconf 85' lang='lat' dir='ltr'><strong>curu</strong></span> <span class='ocrx_word' id='word_1_348' title='bbox 687 2729 794 2800; x_wconf 75' lang='lat' dir='ltr'><strong>legatur</strong></span> <span class='ocrx_word' id='word_1_349' title='bbox 814 2729 840 2784; x_wconf 94' lang='lat' dir='ltr'><strong>in</strong></span> <span class='ocrx_word' id='word_1_350' title='bbox 857 2729 916 2799; x_wconf 93' lang='lat' dir='ltr'><strong>ipso</strong></span> <span class='ocrx_word' id='word_1_351' title='bbox 929 2728 1001 2800; x_wconf 87' lang='lat' dir='ltr'><strong>qumi</strong></span> <span class='ocrx_word' id='word_1_352' title='bbox 1023 2727 1077 2785; x_wconf 69' lang='lat' dir='ltr'><strong>ira.</strong></span> <span class='ocrx_word' id='word_1_353' title='bbox 1123 2721 1262 2793; x_wconf 84' lang='lat' dir='ltr'><strong>judicibus</strong></span> <span class='ocrx_word' id='word_1_354' title='bbox 1283 2724 1448 2794; x_wconf 85' lang='lat' dir='ltr'><strong>supradietis</strong></span> <span class='ocrx_word' id='word_1_355' title='bbox 1465 2731 1493 2779; x_wconf 91' lang='lat' dir='ltr'><strong>et</strong></span> <span class='ocrx_word' id='word_1_356' title='bbox 1514 2724 1637 2779; x_wconf 84' lang='lat' dir='ltr'><strong>rationes</strong></span> <span class='ocrx_word' id='word_1_357' title='bbox 1651 2723 1721 2780; x_wconf 90' lang='lat' dir='ltr'><strong>olias</strong></span> <span class='ocrx_word' id='word_1_358' title='bbox 1735 2724 1814 2780; x_wconf 89' lang='lat' dir='ltr'><strong>uehis</strong></span> <span class='ocrx_word' id='word_1_359' title='bbox 1834 2739 1920 2796; x_wconf 83' lang='lat' dir='ltr'><strong>expo·</strong></span> 
     </span>
     <span class='ocr_line' id='line_1_28' title="bbox 285 2814 1921 2895; baseline -0.004 -17"><span class='ocrx_word' id='word_1_360' title='bbox 285 2824 374 2880; x_wconf 91' lang='lat' dir='ltr'><strong>uormi</strong></span> <span class='ocrx_word' id='word_1_361' title='bbox 396 2837 443 2895; x_wconf 89' lang='lat' dir='ltr'><strong>per</strong></span> <span class='ocrx_word' id='word_1_362' title='bbox 466 2835 562 2877; x_wconf 90' lang='lat' dir='ltr'><strong>manus</strong></span> <span class='ocrx_word' id='word_1_363' title='bbox 577 2819 634 2892; x_wconf 77' lang='lat' dir='ltr'><strong>iam</strong></span> <span class='ocrx_word' id='word_1_364' title='bbox 649 2821 714 2877; x_wconf 87' lang='lat' dir='ltr'><strong>uicti</strong></span> <span class='ocrx_word' id='word_1_365' title='bbox 725 2820 882 2877; x_wconf 85' lang='lat' dir='ltr'><strong>cancellarii</strong></span> <span class='ocrx_word' id='word_1_366' title='bbox 900 2835 933 2876; x_wconf 89' lang='lat' dir='ltr'><strong>eo</strong></span> <span class='ocrx_word' id='word_1_367' title='bbox 951 2828 1076 2890; x_wconf 76' lang='lat' dir='ltr'><strong>tempore</strong></span> <span class='ocrx_word' id='word_1_368' title='bbox 1127 2828 1192 2868; x_wconf 92' lang='lat' dir='ltr'><strong>uere</strong></span> <span class='ocrx_word' id='word_1_369' title='bbox 1212 2814 1433 2884; x_wconf 88' lang='lat' dir='ltr'><strong>procurantibus,</strong></span> <span class='ocrx_word' id='word_1_370' title='bbox 1458 2829 1508 2871; x_wconf 89' lang='lat' dir='ltr'><strong>tros</strong></span> <span class='ocrx_word' id='word_1_371' title='bbox 1529 2814 1582 2870; x_wconf 91' lang='lat' dir='ltr'><strong>illis</strong></span> <span class='ocrx_word' id='word_1_372' title='bbox 1603 2815 1746 2886; x_wconf 78' lang='lat' dir='ltr'><strong>diligenter</strong></span> <span class='ocrx_word' id='word_1_373' title='bbox 1765 2816 1871 2873; x_wconf 88' lang='lat' dir='ltr'><strong>auditis</strong></span> <span class='ocrx_word' id='word_1_374' title='bbox 1894 2833 1921 2872; x_wconf 83' lang='lat' dir='ltr'><strong>et</strong></span> 
     </span>
     <span class='ocr_line' id='line_1_29' title="bbox 282 2905 1909 2982; baseline -0.002 -14"><span class='ocrx_word' id='word_1_375' title='bbox 282 2915 378 2970; x_wconf 84' lang='lat' dir='ltr'><strong>uatum</strong></span> <span class='ocrx_word' id='word_1_376' title='bbox 402 2912 561 2982; x_wconf 81' lang='lat' dir='ltr'><strong>fueritque</strong></span> <span class='ocrx_word' id='word_1_377' title='bbox 585 2911 656 2967; x_wconf 82' lang='lat' dir='ltr'><strong>idem</strong></span> <span class='ocrx_word' id='word_1_378' title='bbox 680 2911 774 2982; x_wconf 90' lang='lat' dir='ltr'><strong>utique</strong></span> <span class='ocrx_word' id='word_1_379' title='bbox 798 2926 853 2967; x_wconf 93' lang='lat' dir='ltr'><strong>nou</strong></span> <span class='ocrx_word' id='word_1_380' title='bbox 874 2909 1002 2968; x_wconf 82' lang='lat' dir='ltr'><strong>Panormi</strong></span> <span class='ocrx_word' id='word_1_381' title='bbox 1027 2911 1075 2967; x_wconf 89' lang='lat' dir='ltr'><strong>scri</strong></span> <span class='ocrx_word' id='word_1_382' title='bbox 1126 2905 1322 2976; x_wconf 85' lang='lat' dir='ltr'><strong>perspicaciter</strong></span> <span class='ocrx_word' id='word_1_383' title='bbox 1336 2905 1493 2973; x_wconf 86' lang='lat' dir='ltr'><strong>intellectis,</strong></span> <span class='ocrx_word' id='word_1_384' title='bbox 1513 2921 1563 2962; x_wconf 88' lang='lat' dir='ltr'><strong>tos</strong></span> <span class='ocrx_word' id='word_1_385' title='bbox 1582 2907 1617 2962; x_wconf 86' lang='lat' dir='ltr'><strong>ab</strong></span> <span class='ocrx_word' id='word_1_386' title='bbox 1640 2907 1807 2978; x_wconf 87' lang='lat' dir='ltr'><strong>impetitione</strong></span> <span class='ocrx_word' id='word_1_387' title='bbox 1831 2909 1909 2964; x_wconf 89' lang='lat' dir='ltr'><strong>Cura</strong></span> 
     </span>
     <span class='ocr_line' id='line_1_30' title="bbox 281 2997 1925 3074; baseline -0.001 -16"><span class='ocrx_word' id='word_1_388' title='bbox 281 3002 348 3059; x_wconf 88' lang='lat' dir='ltr'><strong>-aiihi</strong></span> <span class='ocrx_word' id='word_1_389' title='bbox 364 3001 443 3074; x_wconf 75' lang='lat' dir='ltr'><strong>longe</strong></span> <span class='ocrx_word' id='word_1_390' title='bbox 455 3017 470 3056; x_wconf 90' lang='lat' dir='ltr'><strong>a</strong></span> <span class='ocrx_word' id='word_1_391' title='bbox 483 3001 618 3057; x_wconf 84' lang='lat' dir='ltr'><strong>Panormo</strong></span> <span class='ocrx_word' id='word_1_392' title='bbox 629 3001 766 3068; x_wconf 90' lang='lat' dir='ltr'><strong>manebat,</strong></span> <span class='ocrx_word' id='word_1_393' title='bbox 778 3010 806 3056; x_wconf 91' lang='lat' dir='ltr'><strong>et</strong></span> <span class='ocrx_word' id='word_1_394' title='bbox 822 3015 880 3069; x_wconf 86' lang='lat' dir='ltr'><strong>res,</strong></span> <span class='ocrx_word' id='word_1_395' title='bbox 892 2999 969 3070; x_wconf 81' lang='lat' dir='ltr'><strong>cujus</strong></span> <span class='ocrx_word' id='word_1_396' title='bbox 979 3009 1076 3058; x_wconf 87' lang='lat' dir='ltr'><strong>aucto·</strong></span> <span class='ocrx_word' id='word_1_397' title='bbox 1126 2998 1248 3054; x_wconf 85' lang='lat' dir='ltr'><strong>censium</strong></span> <span class='ocrx_word' id='word_1_398' title='bbox 1261 3013 1342 3069; x_wconf 90' lang='lat' dir='ltr'><strong>super</strong></span> <span class='ocrx_word' id='word_1_399' title='bbox 1355 2997 1450 3056; x_wconf 80' lang='lat' dir='ltr'><strong>cedern</strong></span> <span class='ocrx_word' id='word_1_400' title='bbox 1466 2999 1588 3056; x_wconf 85' lang='lat' dir='ltr'><strong>Ecclesia</strong></span> <span class='ocrx_word' id='word_1_401' title='bbox 1605 3015 1653 3072; x_wconf 87' lang='lat' dir='ltr'><strong>per</strong></span> <span class='ocrx_word' id='word_1_402' title='bbox 1672 2999 1841 3057; x_wconf 75' lang='lat' dir='ltr'><strong>diffinitivam</strong></span> <span class='ocrx_word' id='word_1_403' title='bbox 1855 3017 1925 3058; x_wconf 77' lang='lat' dir='ltr'><strong>seuu-</strong></span> 
     </span>
     <span class='ocr_line' id='line_1_31' title="bbox 285 3088 1922 3171; baseline 0.001 -26"><span class='ocrx_word' id='word_1_404' title='bbox 285 3091 367 3147; x_wconf 77' lang='lat' dir='ltr'><strong>riuate</strong></span> <span class='ocrx_word' id='word_1_405' title='bbox 381 3091 439 3149; x_wconf 89' lang='lat' dir='ltr'><strong>iteri</strong></span> <span class='ocrx_word' id='word_1_406' title='bbox 454 3088 610 3158; x_wconf 80' lang='lat' dir='ltr'><strong>sitiebatur,</strong></span> <span class='ocrx_word' id='word_1_407' title='bbox 624 3097 688 3145; x_wconf 90' lang='lat' dir='ltr'><strong>tuuc</strong></span> <span class='ocrx_word' id='word_1_408' title='bbox 701 3089 831 3160; x_wconf 86' lang='lat' dir='ltr'><strong>temporis</strong></span> <span class='ocrx_word' id='word_1_409' title='bbox 845 3104 902 3146; x_wconf 92' lang='lat' dir='ltr'><strong>uon</strong></span> <span class='ocrx_word' id='word_1_410' title='bbox 925 3091 1110 3171; x_wconf 70' lang='lat' dir='ltr'><strong>custodire-q</strong></span> <span class='ocrx_word' id='word_1_411' title='bbox 1128 3090 1241 3145; x_wconf 77' lang='lat' dir='ltr'><strong>tenuatam</strong></span> <span class='ocrx_word' id='word_1_412' title='bbox 1269 3105 1382 3163; x_wconf 89' lang='lat' dir='ltr'><strong>prorsus</strong></span> <span class='ocrx_word' id='word_1_413' title='bbox 1405 3091 1591 3158; x_wconf 77' lang='lat' dir='ltr'><strong>absolvimus,</strong></span> <span class='ocrx_word' id='word_1_414' title='bbox 1618 3092 1720 3148; x_wconf 82' lang='lat' dir='ltr'><strong>eisdem</strong></span> <span class='ocrx_word' id='word_1_415' title='bbox 1748 3106 1830 3165; x_wconf 89' lang='lat' dir='ltr'><strong>super</strong></span> <span class='ocrx_word' id='word_1_416' title='bbox 1861 3093 1922 3163; x_wconf 88' lang='lat' dir='ltr'><strong>ipsa</strong></span> 
     </span>
     <span class='ocr_line' id='line_1_32' title="bbox 282 3181 1923 3255; baseline 0 -16"><span class='ocrx_word' id='word_1_417' title='bbox 282 3194 331 3239; x_wconf 85' lang='lat' dir='ltr'><strong>tur</strong></span> <span class='ocrx_word' id='word_1_418' title='bbox 357 3186 392 3242; x_wconf 88' lang='lat' dir='ltr'><strong>ab</strong></span> <span class='ocrx_word' id='word_1_419' title='bbox 416 3185 487 3255; x_wconf 90' lang='lat' dir='ltr'><strong>ipso,</strong></span> <span class='ocrx_word' id='word_1_420' title='bbox 514 3184 562 3241; x_wconf 81' lang='lat' dir='ltr'><strong>seul</strong></span> <span class='ocrx_word' id='word_1_421' title='bbox 584 3183 764 3241; x_wconf 88' lang='lat' dir='ltr'><strong>acuiileimo</strong></span> <span class='ocrx_word' id='word_1_422' title='bbox 789 3183 952 3255; x_wconf 79' lang='lat' dir='ltr'><strong>capparone</strong></span> <span class='ocrx_word' id='word_1_423' title='bbox 971 3194 1076 3241; x_wconf 90' lang='lat' dir='ltr'><strong>temere</strong></span> <span class='ocrx_word' id='word_1_424' title='bbox 1127 3190 1287 3252; x_wconf 89' lang='lat' dir='ltr'><strong>perpetuum</strong></span> <span class='ocrx_word' id='word_1_425' title='bbox 1309 3181 1447 3239; x_wconf 89' lang='lat' dir='ltr'><strong>silentium</strong></span> <span class='ocrx_word' id='word_1_426' title='bbox 1467 3184 1655 3253; x_wconf 61' lang='lat' dir='ltr'><strong>imponentem</strong></span> <span class='ocrx_word' id='word_1_427' title='bbox 1678 3184 1831 3253; x_wconf 78' lang='lat' dir='ltr'><strong>prasertim</strong></span> <span class='ocrx_word' id='word_1_428' title='bbox 1859 3200 1923 3239; x_wconf 88' lang='lat' dir='ltr'><strong>cunr</strong></span> 
     </span>
     <span class='ocr_line' id='line_1_33' title="bbox 284 3274 1925 3347; baseline 0.001 -17"><span class='ocrx_word' id='word_1_429' title='bbox 284 3284 450 3345; x_wconf 86' lang='lat' dir='ltr'><strong>teneretur,</strong></span> <span class='ocrx_word' id='word_1_430' title='bbox 476 3275 523 3347; x_wconf 91' lang='lat' dir='ltr'><strong>qui</strong></span> <span class='ocrx_word' id='word_1_431' title='bbox 548 3277 632 3333; x_wconf 89' lang='lat' dir='ltr'><strong>etiarn</strong></span> <span class='ocrx_word' id='word_1_432' title='bbox 667 3292 762 3333; x_wconf 83' lang='lat' dir='ltr'><strong>uerum</strong></span> <span class='ocrx_word' id='word_1_433' title='bbox 788 3276 908 3347; x_wconf 75' lang='lat' dir='ltr'><strong>sigillum</strong></span> <span class='ocrx_word' id='word_1_434' title='bbox 937 3277 1076 3333; x_wconf 88' lang='lat' dir='ltr'><strong>detinebat</strong></span> <span class='ocrx_word' id='word_1_435' title='bbox 1126 3274 1359 3347; x_wconf 76' lang='lat' dir='ltr'><strong>iitisrequiamet</strong></span> <span class='ocrx_word' id='word_1_436' title='bbox 1381 3276 1579 3332; x_wconf 83' lang='lat' dir='ltr'><strong>iustitutionem</strong></span> <span class='ocrx_word' id='word_1_437' title='bbox 1601 3276 1792 3334; x_wconf 88' lang='lat' dir='ltr'><strong>cisterciensis</strong></span> <span class='ocrx_word' id='word_1_438' title='bbox 1813 3277 1925 3333; x_wconf 90' lang='lat' dir='ltr'><strong>ortliuis</strong></span> 
     </span>
     <span class='ocr_line' id='line_1_34' title="bbox 288 3364 1925 3441; baseline 0.001 -19"><span class='ocrx_word' id='word_1_439' title='bbox 288 3367 376 3439; x_wconf 74' lang='lat' dir='ltr'><strong>ipsius</strong></span> <span class='ocrx_word' id='word_1_440' title='bbox 394 3366 483 3439; x_wconf 77' lang='lat' dir='ltr'><strong>(niu).</strong></span> <span class='ocrx_word' id='word_1_441' title='bbox 500 3366 541 3423; x_wconf 78' lang='lat' dir='ltr'><strong>ild</strong></span> <span class='ocrx_word' id='word_1_442' title='bbox 564 3367 750 3423; x_wconf 82' lang='lat' dir='ltr'><strong>excusandum</strong></span> <span class='ocrx_word' id='word_1_443' title='bbox 774 3381 872 3437; x_wconf 88' lang='lat' dir='ltr'><strong>nempe</strong></span> <span class='ocrx_word' id='word_1_444' title='bbox 896 3368 1072 3439; x_wconf 70' lang='lat' dir='ltr'><strong>priuilegium</strong></span> <span class='ocrx_word' id='word_1_445' title='bbox 1127 3364 1161 3419; x_wconf 91' lang='lat' dir='ltr'><strong>ab</strong></span> <span class='ocrx_word' id='word_1_446' title='bbox 1184 3366 1242 3437; x_wconf 89' lang='lat' dir='ltr'><strong>ipsa</strong></span> <span class='ocrx_word' id='word_1_447' title='bbox 1265 3366 1426 3422; x_wconf 87' lang='lat' dir='ltr'><strong>monasterii</strong></span> <span class='ocrx_word' id='word_1_448' title='bbox 1450 3364 1611 3424; x_wconf 78' lang='lat' dir='ltr'><strong>inundatione</strong></span> <span class='ocrx_word' id='word_1_449' title='bbox 1636 3368 1785 3439; x_wconf 77' lang='lat' dir='ltr'><strong>professis,</strong></span> <span class='ocrx_word' id='word_1_450' title='bbox 1815 3370 1925 3441; x_wconf 84' lang='lat' dir='ltr'><strong>absque</strong></span> 
     </span>
     <span class='ocr_line' id='line_1_35' title="bbox 283 3456 1925 3531; baseline 0.001 -16"><span class='ocrx_word' id='word_1_451' title='bbox 283 3459 472 3531; x_wconf 82' lang='lat' dir='ltr'><strong>supradictum</strong></span> <span class='ocrx_word' id='word_1_452' title='bbox 484 3460 634 3529; x_wconf 75' lang='lat' dir='ltr'><strong>praemissis</strong></span> <span class='ocrx_word' id='word_1_453' title='bbox 649 3474 714 3530; x_wconf 90' lang='lat' dir='ltr'><strong>pars</strong></span> <span class='ocrx_word' id='word_1_454' title='bbox 727 3459 923 3515; x_wconf 84' lang='lat' dir='ltr'><strong>monachorum</strong></span> <span class='ocrx_word' id='word_1_455' title='bbox 938 3459 1077 3515; x_wconf 80' lang='lat' dir='ltr'><strong>Guraceu-</strong></span> <span class='ocrx_word' id='word_1_456' title='bbox 1125 3456 1275 3528; x_wconf 88' lang='lat' dir='ltr'><strong>superioris</strong></span> <span class='ocrx_word' id='word_1_457' title='bbox 1291 3458 1492 3529; x_wconf 83' lang='lat' dir='ltr'><strong>dispensatione</strong></span> <span class='ocrx_word' id='word_1_458' title='bbox 1512 3474 1566 3521; x_wconf 89' lang='lat' dir='ltr'><strong>non</strong></span> <span class='ocrx_word' id='word_1_459' title='bbox 1581 3462 1718 3517; x_wconf 83' lang='lat' dir='ltr'><strong>exstiterit</strong></span> <span class='ocrx_word' id='word_1_460' title='bbox 1738 3462 1771 3517; x_wconf 85' lang='lat' dir='ltr'><strong>ati</strong></span> <span class='ocrx_word' id='word_1_461' title='bbox 1791 3462 1925 3519; x_wconf 89' lang='lat' dir='ltr'><strong>obtinen-</strong></span> 
     </span>
     <span class='ocr_line' id='line_1_36' title="bbox 284 3544 1925 3624; baseline 0.005 -21"><span class='ocrx_word' id='word_1_462' title='bbox 284 3548 354 3603; x_wconf 88' lang='lat' dir='ltr'><strong>sium</strong></span> <span class='ocrx_word' id='word_1_463' title='bbox 369 3546 524 3618; x_wconf 81' lang='lat' dir='ltr'><strong>replieautlo</strong></span> <span class='ocrx_word' id='word_1_464' title='bbox 537 3548 677 3621; x_wconf 89' lang='lat' dir='ltr'><strong>respoudit</strong></span> <span class='ocrx_word' id='word_1_465' title='bbox 689 3548 773 3620; x_wconf 82' lang='lat' dir='ltr'><strong>quoti,</strong></span> <span class='ocrx_word' id='word_1_466' title='bbox 784 3563 847 3604; x_wconf 89' lang='lat' dir='ltr'><strong>cum</strong></span> <span class='ocrx_word' id='word_1_467' title='bbox 863 3546 954 3604; x_wconf 79' lang='lat' dir='ltr'><strong>(lictus</strong></span> <span class='ocrx_word' id='word_1_468' title='bbox 966 3548 1077 3607; x_wconf 87' lang='lat' dir='ltr'><strong>cancel·</strong></span> <span class='ocrx_word' id='word_1_469' title='bbox 1126 3544 1188 3601; x_wconf 86' lang='lat' dir='ltr'><strong>duum</strong></span> <span class='ocrx_word' id='word_1_470' title='bbox 1202 3547 1243 3603; x_wconf 89' lang='lat' dir='ltr'><strong>tic</strong></span> <span class='ocrx_word' id='word_1_471' title='bbox 1258 3546 1403 3603; x_wconf 87' lang='lat' dir='ltr'><strong>ecclesiam</strong></span> <span class='ocrx_word' id='word_1_472' title='bbox 1418 3547 1555 3604; x_wconf 89' lang='lat' dir='ltr'><strong>laborare.</strong></span> <span class='ocrx_word' id='word_1_473' title='bbox 1570 3548 1641 3604; x_wconf 85' lang='lat' dir='ltr'><strong>Nuuili</strong></span> <span class='ocrx_word' id='word_1_474' title='bbox 1661 3566 1762 3624; x_wconf 76' lang='lat' dir='ltr'><strong>ergo...</strong></span> <span class='ocrx_word' id='word_1_475' title='bbox 1778 3550 1925 3612; x_wconf 87' lang='lat' dir='ltr'><strong>dilllnitie·</strong></span> 
     </span>
     <span class='ocr_line' id='line_1_37' title="bbox 279 3636 1706 3719; baseline 0.005 -27"><span class='ocrx_word' id='word_1_476' title='bbox 279 3637 368 3694; x_wconf 87' lang='lat' dir='ltr'><strong>larius</strong></span> <span class='ocrx_word' id='word_1_477' title='bbox 392 3652 407 3693; x_wconf 89' lang='lat' dir='ltr'><strong>a</strong></span> <span class='ocrx_word' id='word_1_478' title='bbox 433 3637 515 3694; x_wconf 76' lang='lat' dir='ltr'><strong>clarae</strong></span> <span class='ocrx_word' id='word_1_479' title='bbox 542 3639 681 3695; x_wconf 84' lang='lat' dir='ltr'><strong>memoriae</strong></span> <span class='ocrx_word' id='word_1_480' title='bbox 713 3638 875 3696; x_wconf 80' lang='lat' dir='ltr'><strong>Constantia</strong></span> <span class='ocrx_word' id='word_1_481' title='bbox 902 3640 1075 3711; x_wconf 88' lang='lat' dir='ltr'><strong>imperatrice</strong></span> <span class='ocrx_word' id='word_1_482' title='bbox 1126 3638 1168 3693; x_wconf 89' lang='lat' dir='ltr'><strong>uis</strong></span> <span class='ocrx_word' id='word_1_483' title='bbox 1184 3636 1406 3709; x_wconf 76' lang='lat' dir='ltr'><strong>iniripere,etc.,</strong></span> <span class='ocrx_word' id='word_1_484' title='bbox 1426 3656 1506 3711; x_wconf 82' lang='lat' dir='ltr'><strong>usque</strong></span> <span class='ocrx_word' id='word_1_485' title='bbox 1522 3640 1706 3719; x_wconf 88' lang='lat' dir='ltr'><strong>incursurum.</strong></span> 
     </span>
    </p>

    <p class='ocr_par' dir='ltr' id='par_1_4' title="bbox 280 3728 1928 3993">
     <span class='ocr_line' id='line_1_38' title="bbox 280 3728 1928 3809; baseline 0.005 -24"><span class='ocrx_word' id='word_1_486' title='bbox 280 3728 441 3785; x_wconf 85' lang='lat' dir='ltr'><strong>ordinarius</strong></span> <span class='ocrx_word' id='word_1_487' title='bbox 467 3728 550 3784; x_wconf 87' lang='lat' dir='ltr'><strong>totius</strong></span> <span class='ocrx_word' id='word_1_488' title='bbox 569 3729 644 3801; x_wconf 77' lang='lat' dir='ltr'><strong>regni</strong></span> <span class='ocrx_word' id='word_1_489' title='bbox 666 3736 693 3785; x_wconf 92' lang='lat' dir='ltr'><strong>et</strong></span> <span class='ocrx_word' id='word_1_490' title='bbox 714 3729 786 3801; x_wconf 79' lang='lat' dir='ltr'><strong>regis</strong></span> <span class='ocrx_word' id='word_1_491' title='bbox 805 3728 1014 3786; x_wconf 82' lang='lat' dir='ltr'><strong>administrator</strong></span> <span class='ocrx_word' id='word_1_492' title='bbox 1027 3746 1077 3787; x_wconf 85' lang='lat' dir='ltr'><strong>ex·</strong></span> <span class='ocrx_word' id='word_1_493' title='bbox 1162 3730 1258 3785; x_wconf 87' lang='lat' dir='ltr'><strong>batum</strong></span> <span class='ocrx_word' id='word_1_494' title='bbox 1274 3732 1344 3801; x_wconf 84' lang='lat' dir='ltr'><strong>aputl</strong></span> <span class='ocrx_word' id='word_1_495' title='bbox 1361 3730 1488 3803; x_wconf 80' lang='lat' dir='ltr'><strong>cryptam</strong></span> <span class='ocrx_word' id='word_1_496' title='bbox 1512 3730 1660 3801; x_wconf 82' lang='lat' dir='ltr'><strong>serratam,</strong></span> <span class='ocrx_word' id='word_1_497' title='bbox 1677 3751 1695 3791; x_wconf 93' lang='lat' dir='ltr'><strong>n</strong></span> <span class='ocrx_word' id='word_1_498' title='bbox 1716 3734 1777 3791; x_wconf 83' lang='lat' dir='ltr'><strong>nat.</strong></span> <span class='ocrx_word' id='word_1_499' title='bbox 1794 3732 1928 3809; x_wconf 82' lang='lat' dir='ltr'><strong>Septem·</strong></span> 
     </span>
     <span class='ocr_line' id='line_1_39' title="bbox 285 3818 1810 3895; baseline 0.005 -20"><span class='ocrx_word' id='word_1_500' title='bbox 285 3818 388 3875; x_wconf 90' lang='lat' dir='ltr'><strong>stiterit</strong></span> <span class='ocrx_word' id='word_1_501' title='bbox 412 3819 585 3886; x_wconf 91' lang='lat' dir='ltr'><strong>constitutus,</strong></span> <span class='ocrx_word' id='word_1_502' title='bbox 613 3819 640 3875; x_wconf 88' lang='lat' dir='ltr'><strong>iri</strong></span> <span class='ocrx_word' id='word_1_503' title='bbox 663 3820 752 3891; x_wconf 91' lang='lat' dir='ltr'><strong>potuit</strong></span> <span class='ocrx_word' id='word_1_504' title='bbox 774 3821 866 3877; x_wconf 87' lang='lat' dir='ltr'><strong>lacere</strong></span> <span class='ocrx_word' id='word_1_505' title='bbox 892 3822 979 3893; x_wconf 86' lang='lat' dir='ltr'><strong>ipsius</strong></span> <span class='ocrx_word' id='word_1_506' title='bbox 1004 3822 1076 3893; x_wconf 80' lang='lat' dir='ltr'><strong>regis</strong></span> <span class='ocrx_word' id='word_1_507' title='bbox 1125 3819 1193 3887; x_wconf 89' lang='lat' dir='ltr'><strong>bris,</strong></span> <span class='ocrx_word' id='word_1_508' title='bbox 1209 3820 1569 3892; x_wconf 79' lang='lat' dir='ltr'><strong>pontificatusuostrionuo</strong></span> <span class='ocrx_word' id='word_1_509' title='bbox 1583 3823 1810 3895; x_wconf 78' lang='lat' dir='ltr'><strong>decimoquarto·</strong></span> 
     </span>
     <span class='ocr_line' id='line_1_40' title="bbox 285 3909 1539 3993; baseline 0.006 -29"><span class='ocrx_word' id='word_1_510' title='bbox 285 3909 450 3965; x_wconf 88' lang='lat' dir='ltr'><strong>auctoritate</strong></span> <span class='ocrx_word' id='word_1_511' title='bbox 462 3910 586 3977; x_wconf 90' lang='lat' dir='ltr'><strong>licenter,</strong></span> <span class='ocrx_word' id='word_1_512' title='bbox 602 3919 696 3983; x_wconf 89' lang='lat' dir='ltr'><strong>utpote</strong></span> <span class='ocrx_word' id='word_1_513' title='bbox 709 3912 753 3983; x_wconf 92' lang='lat' dir='ltr'><strong>qui</strong></span> <span class='ocrx_word' id='word_1_514' title='bbox 770 3912 844 3967; x_wconf 85' lang='lat' dir='ltr'><strong>uices</strong></span> <span class='ocrx_word' id='word_1_515' title='bbox 858 3912 971 3985; x_wconf 73' lang='lat' dir='ltr'><strong>gerebat</strong></span> <span class='ocrx_word' id='word_1_516' title='bbox 986 3913 1076 3984; x_wconf 76' lang='lat' dir='ltr'><strong>regias</strong></span> <span class='ocrx_word' id='word_1_517' title='bbox 1507 3936 1539 3993; x_wconf 52' lang='grc' dir='ltr'><strong>ρ,</strong></span> 
     </span>
    </p>

    <p class='ocr_par' dir='ltr' id='par_1_5' title="bbox 276 4004 1666 4351">
     <span class='ocr_line' id='line_1_41' title="bbox 276 4004 1075 4078; baseline 0.01 -19"><span class='ocrx_word' id='word_1_518' title='bbox 276 4004 314 4059; x_wconf 80' lang='lat' dir='ltr'><strong>s’n</strong></span> <span class='ocrx_word' id='word_1_519' title='bbox 329 4004 380 4062; x_wconf 79' lang='lat' dir='ltr'><strong>hae</strong></span> <span class='ocrx_word' id='word_1_520' title='bbox 399 4012 490 4076; x_wconf 90' lang='lat' dir='ltr'><strong>parte.</strong></span> <span class='ocrx_word' id='word_1_521' title='bbox 511 4005 624 4078; x_wconf 91' lang='lat' dir='ltr'><strong>iusuper</strong></span> <span class='ocrx_word' id='word_1_522' title='bbox 646 4008 729 4063; x_wconf 88' lang='lat' dir='ltr'><strong>ctiam</strong></span> <span class='ocrx_word' id='word_1_523' title='bbox 752 4006 921 4065; x_wconf 85' lang='lat' dir='ltr'><strong>chraceuscs</strong></span> <span class='ocrx_word' id='word_1_524' title='bbox 944 4011 1075 4068; x_wconf 86' lang='lat' dir='ltr'><strong>monachi</strong></span> 
     </span>
     <span class='ocr_line' id='line_1_42' title="bbox 286 4098 1077 4175; baseline 0.006 -20"><span class='ocrx_word' id='word_1_525' title='bbox 286 4098 449 4157; x_wconf 83' lang='lat' dir='ltr'><strong>atltlitleruut</strong></span> <span class='ocrx_word' id='word_1_526' title='bbox 466 4099 556 4172; x_wconf 86' lang='lat' dir='ltr'><strong>quoti,</strong></span> <span class='ocrx_word' id='word_1_527' title='bbox 575 4100 627 4157; x_wconf 87' lang='lat' dir='ltr'><strong>etsi</strong></span> <span class='ocrx_word' id='word_1_528' title='bbox 649 4101 750 4158; x_wconf 87' lang='lat' dir='ltr'><strong>dictum</strong></span> <span class='ocrx_word' id='word_1_529' title='bbox 768 4101 939 4173; x_wconf 68' lang='lat' dir='ltr'><strong>priuilegium</strong></span> <span class='ocrx_word' id='word_1_530' title='bbox 952 4117 1003 4175; x_wconf 91' lang='lat' dir='ltr'><strong>per</strong></span> <span class='ocrx_word' id='word_1_531' title='bbox 1017 4118 1077 4159; x_wconf 89' lang='lat' dir='ltr'><strong>ma·</strong></span> 
     </span>
     <span class='ocr_line' id='line_1_43' title="bbox 284 4191 1622 4273; baseline 0.002 -26"><span class='ocrx_word' id='word_1_532' title='bbox 284 4207 336 4249; x_wconf 90' lang='lat' dir='ltr'><strong>nus</strong></span> <span class='ocrx_word' id='word_1_533' title='bbox 357 4191 513 4249; x_wconf 85' lang='lat' dir='ltr'><strong>cancellarii</strong></span> <span class='ocrx_word' id='word_1_534' title='bbox 538 4191 574 4249; x_wconf 92' lang='lat' dir='ltr'><strong>ob</strong></span> <span class='ocrx_word' id='word_1_535' title='bbox 598 4192 738 4263; x_wconf 86' lang='lat' dir='ltr'><strong>praemissa</strong></span> <span class='ocrx_word' id='word_1_536' title='bbox 761 4192 885 4249; x_wconf 87' lang='lat' dir='ltr'><strong>obtinere</strong></span> <span class='ocrx_word' id='word_1_537' title='bbox 906 4208 960 4250; x_wconf 94' lang='lat' dir='ltr'><strong>non</strong></span> <span class='ocrx_word' id='word_1_538' title='bbox 982 4203 1076 4267; x_wconf 85' lang='lat' dir='ltr'><strong>posset</strong></span> <span class='ocrx_word' id='word_1_539' title='bbox 1543 4259 1550 4273; x_wconf 86' lang='lat'><strong>.</strong></span> <span class='ocrx_word' id='word_1_540' title='bbox 1616 4260 1622 4273; x_wconf 37' lang='grc' dir='ltr'>ι</span> 
     </span>
     <span class='ocr_line' id='line_1_44' title="bbox 284 4256 1666 4351; baseline 0.002 -12"><span class='ocrx_word' id='word_1_541' title='bbox 284 4284 369 4341; x_wconf 87' lang='lat' dir='ltr'><strong>robur</strong></span> <span class='ocrx_word' id='word_1_542' title='bbox 394 4284 491 4341; x_wconf 82' lang='lat' dir='ltr'><strong>debitae</strong></span> <span class='ocrx_word' id='word_1_543' title='bbox 515 4284 664 4351; x_wconf 90' lang='lat' dir='ltr'><strong>iirntitatis,</strong></span> <span class='ocrx_word' id='word_1_544' title='bbox 686 4283 793 4341; x_wconf 88' lang='lat' dir='ltr'><strong>censeri</strong></span> <span class='ocrx_word' id='word_1_545' title='bbox 816 4283 933 4340; x_wconf 86' lang='lat' dir='ltr'><strong>debehat</strong></span> <span class='ocrx_word' id='word_1_546' title='bbox 953 4286 1073 4343; x_wconf 82' lang='lat' dir='ltr'><strong>ualidum</strong></span> <span class='ocrx_word' id='word_1_547' title='bbox 1374 4256 1483 4329; x_wconf 74' lang='lat'><strong>¹⁰¹¹¹¹¹¹¹</strong></span> <span class='ocrx_word' id='word_1_548' title='bbox 1496 4271 1526 4314; x_wconf 89' lang='lat'><strong>¹¹¹</strong></span> <span class='ocrx_word' id='word_1_549' title='bbox 1543 4276 1569 4315; x_wconf 88' lang='lat'><strong>¹¹¹</strong></span> <span class='ocrx_word' id='word_1_550' title='bbox 1587 4259 1666 4333; x_wconf 56' lang='lat'><strong>¹¹¹¹)</strong></span> 
     </span>
    </p>

    <p class='ocr_par' dir='ltr' id='par_1_6' title="bbox 278 4369 1972 5187">
     <span class='ocr_line' id='line_1_45' title="bbox 281 4369 1931 4448; baseline 0.002 -16"><span class='ocrx_word' id='word_1_551' title='bbox 281 4389 335 4446; x_wconf 86' lang='lat' dir='ltr'><strong>pro</strong></span> <span class='ocrx_word' id='word_1_552' title='bbox 347 4391 381 4432; x_wconf 92' lang='lat' dir='ltr'><strong>eo</strong></span> <span class='ocrx_word' id='word_1_553' title='bbox 400 4376 472 4447; x_wconf 84' lang='lat' dir='ltr'><strong>quoti</strong></span> <span class='ocrx_word' id='word_1_554' title='bbox 487 4376 576 4433; x_wconf 87' lang='lat' dir='ltr'><strong>dictus</strong></span> <span class='ocrx_word' id='word_1_555' title='bbox 589 4392 637 4434; x_wconf 84' lang='lat' dir='ltr'><strong>rex</strong></span> <span class='ocrx_word' id='word_1_556' title='bbox 653 4374 720 4431; x_wconf 78' lang='lat' dir='ltr'><strong>illuri</strong></span> <span class='ocrx_word' id='word_1_557' title='bbox 739 4390 771 4431; x_wconf 86' lang='lat' dir='ltr'><strong>ex</strong></span> <span class='ocrx_word' id='word_1_558' title='bbox 788 4382 862 4431; x_wconf 91' lang='lat' dir='ltr'><strong>certa</strong></span> <span class='ocrx_word' id='word_1_559' title='bbox 875 4375 987 4431; x_wconf 88' lang='lat' dir='ltr'><strong>scientia</strong></span> <span class='ocrx_word' id='word_1_560' title='bbox 1001 4386 1074 4448; x_wconf 89' lang='lat' dir='ltr'><strong>pest·</strong></span> <span class='ocrx_word' id='word_1_561' title='bbox 1161 4369 1234 4427; x_wconf 92' lang='lat' dir='ltr'><strong>luter</strong></span> <span class='ocrx_word' id='word_1_562' title='bbox 1254 4369 1367 4428; x_wconf 83' lang='lat' dir='ltr'><strong>tlilectos</strong></span> <span class='ocrx_word' id='word_1_563' title='bbox 1396 4371 1465 4429; x_wconf 90' lang='lat' dir='ltr'><strong>illios</strong></span> <span class='ocrx_word' id='word_1_564' title='bbox 1494 4372 1619 4429; x_wconf 84' lang='lat' dir='ltr'><strong>abbatem</strong></span> <span class='ocrx_word' id='word_1_565' title='bbox 1645 4382 1674 4429; x_wconf 91' lang='lat' dir='ltr'><strong>et</strong></span> <span class='ocrx_word' id='word_1_566' title='bbox 1696 4384 1871 4433; x_wconf 84' lang='lat' dir='ltr'><strong>conuentura</strong></span> <span class='ocrx_word' id='word_1_567' title='bbox 1893 4376 1931 4435; x_wconf 84' lang='lat' dir='ltr'><strong>de</strong></span> 
     </span>
     <span class='ocr_line' id='line_1_46' title="bbox 283 4462 1929 4538; baseline 0.003 -16"><span class='ocrx_word' id='word_1_568' title='bbox 283 4466 396 4535; x_wconf 78' lang='lat' dir='ltr'><strong>amodum</strong></span> <span class='ocrx_word' id='word_1_569' title='bbox 413 4464 603 4530; x_wconf 82' lang='lat' dir='ltr'><strong>corrbrmauit,</strong></span> <span class='ocrx_word' id='word_1_570' title='bbox 617 4481 679 4522; x_wconf 90' lang='lat' dir='ltr'><strong>cum</strong></span> <span class='ocrx_word' id='word_1_571' title='bbox 702 4462 859 4521; x_wconf 82' lang='lat' dir='ltr'><strong>ratihabitio</strong></span> <span class='ocrx_word' id='word_1_572' title='bbox 873 4467 1075 4523; x_wconf 87' lang='lat' dir='ltr'><strong>retrotrahatur</strong></span> <span class='ocrx_word' id='word_1_573' title='bbox 1092 4462 1205 4523; x_wconf 82' lang='lat' dir='ltr'><strong>bFlure</strong></span> <span class='ocrx_word' id='word_1_574' title='bbox 1220 4478 1252 4521; x_wconf 90' lang='lat' dir='ltr'><strong>ac</strong></span> <span class='ocrx_word' id='word_1_575' title='bbox 1268 4466 1418 4521; x_wconf 90' lang='lat' dir='ltr'><strong>monachos</strong></span> <span class='ocrx_word' id='word_1_576' title='bbox 1433 4464 1601 4521; x_wconf 88' lang='lat' dir='ltr'><strong>Curaecuses</strong></span> <span class='ocrx_word' id='word_1_577' title='bbox 1615 4480 1699 4538; x_wconf 91' lang='lat' dir='ltr'><strong>super</strong></span> <span class='ocrx_word' id='word_1_578' title='bbox 1721 4468 1851 4525; x_wconf 80' lang='lat' dir='ltr'><strong>Ecclesia</strong></span> <span class='ocrx_word' id='word_1_579' title='bbox 1871 4468 1929 4527; x_wconf 83' lang='lat' dir='ltr'><strong>Ga·</strong></span> 
     </span>
     <span class='ocr_line' id='line_1_47' title="bbox 278 4554 1929 4631; baseline 0.004 -17"><span class='ocrx_word' id='word_1_580' title='bbox 278 4565 314 4614; x_wconf 85' lang='lat' dir='ltr'><strong>ci</strong></span> <span class='ocrx_word' id='word_1_581' title='bbox 326 4555 455 4613; x_wconf 87' lang='lat' dir='ltr'><strong>mandato</strong></span> <span class='ocrx_word' id='word_1_582' title='bbox 469 4564 643 4628; x_wconf 85' lang='lat' dir='ltr'><strong>comparetur</strong></span> <span class='ocrx_word' id='word_1_583' title='bbox 651 4556 729 4625; x_wconf 82' lang='lat' dir='ltr'><strong>juxta</strong></span> <span class='ocrx_word' id='word_1_584' title='bbox 743 4554 881 4627; x_wconf 75' lang='lat' dir='ltr'><strong>legitimas</strong></span> <span class='ocrx_word' id='word_1_585' title='bbox 896 4556 1073 4625; x_wconf 85' lang='lat' dir='ltr'><strong>sanctiones;</strong></span> <span class='ocrx_word' id='word_1_586' title='bbox 1128 4554 1310 4625; x_wconf 80' lang='lat' dir='ltr'><strong>lahmmarire,</strong></span> <span class='ocrx_word' id='word_1_587' title='bbox 1325 4572 1407 4628; x_wconf 90' lang='lat' dir='ltr'><strong>quam</strong></span> <span class='ocrx_word' id='word_1_588' title='bbox 1431 4558 1483 4627; x_wconf 93' lang='lat' dir='ltr'><strong>ipsi</strong></span> <span class='ocrx_word' id='word_1_589' title='bbox 1498 4572 1560 4613; x_wconf 87' lang='lat' dir='ltr'><strong>cunr</strong></span> <span class='ocrx_word' id='word_1_590' title='bbox 1576 4558 1635 4615; x_wconf 91' lang='lat' dir='ltr'><strong>suis</strong></span> <span class='ocrx_word' id='word_1_591' title='bbox 1648 4560 1841 4631; x_wconf 88' lang='lat' dir='ltr'><strong>pertinentiis,</strong></span> <span class='ocrx_word' id='word_1_592' title='bbox 1856 4572 1929 4630; x_wconf 86' lang='lat' dir='ltr'><strong>etc..</strong></span> 
     </span>
     <span class='ocr_line' id='line_1_48' title="bbox 279 4644 1972 4724; baseline 0.008 -23"><span class='ocrx_word' id='word_1_593' title='bbox 279 4644 462 4702; x_wconf 87' lang='lat' dir='ltr'><strong>nibilominus</strong></span> <span class='ocrx_word' id='word_1_594' title='bbox 479 4654 661 4717; x_wconf 85' lang='lat' dir='ltr'><strong>proponentes</strong></span> <span class='ocrx_word' id='word_1_595' title='bbox 673 4646 795 4717; x_wconf 92' lang='lat' dir='ltr'><strong>quod,et</strong></span> <span class='ocrx_word' id='word_1_596' title='bbox 808 4646 975 4717; x_wconf 69' lang='lat' dir='ltr'><strong>sipeutrum</strong></span> <span class='ocrx_word' id='word_1_597' title='bbox 989 4646 1075 4717; x_wconf 86' lang='lat' dir='ltr'><strong>priui·</strong></span> <span class='ocrx_word' id='word_1_598' title='bbox 1126 4647 1153 4702; x_wconf 91' lang='lat' dir='ltr'><strong>iu</strong></span> <span class='ocrx_word' id='word_1_599' title='bbox 1172 4648 1291 4703; x_wconf 79' lang='lat' dir='ltr'><strong>eumdem</strong></span> <span class='ocrx_word' id='word_1_600' title='bbox 1315 4648 1370 4718; x_wconf 77' lang='lat' dir='ltr'><strong>{ere</strong></span> <span class='ocrx_word' id='word_1_601' title='bbox 1382 4649 1489 4703; x_wconf 82' lang='lat' dir='ltr'><strong>morium</strong></span> <span class='ocrx_word' id='word_1_602' title='bbox 1511 4663 1538 4704; x_wconf 84' lang='lat' dir='ltr'><strong>ut</strong></span> <span class='ocrx_word' id='word_1_603' title='bbox 1558 4650 1587 4705; x_wconf 91' lang='lat' dir='ltr'><strong>iu</strong></span> <span class='ocrx_word' id='word_1_604' title='bbox 1608 4650 1663 4706; x_wconf 86' lang='lat' dir='ltr'><strong>olio</strong></span> <span class='ocrx_word' id='word_1_605' title='bbox 1678 4668 1759 4724; x_wconf 79' lang='lat' dir='ltr'><strong>usque</strong></span> <span class='ocrx_word' id='word_1_606' title='bbox 1779 4653 1929 4714; x_wconf 85' lang='lat' dir='ltr'><strong>laborare.</strong></span> <span class='ocrx_word' id='word_1_607' title='bbox 1969 4716 1972 4723; x_wconf 77' lang='grc'>,</span> 
     </span>
     <span class='ocr_line' id='line_1_49' title="bbox 280 4735 1930 4821; baseline 0.008 -27"><span class='ocrx_word' id='word_1_608' title='bbox 280 4737 416 4807; x_wconf 67' lang='lat' dir='ltr'><strong>leniorem</strong></span> <span class='ocrx_word' id='word_1_609' title='bbox 432 4738 545 4794; x_wconf 84' lang='lat' dir='ltr'><strong>deberet</strong></span> <span class='ocrx_word' id='word_1_610' title='bbox 560 4737 715 4809; x_wconf 73' lang='lat' dir='ltr'><strong>legitimum</strong></span> <span class='ocrx_word' id='word_1_611' title='bbox 726 4736 861 4807; x_wconf 76' lang='lat' dir='ltr'><strong>iudicari,</strong></span> <span class='ocrx_word' id='word_1_612' title='bbox 882 4735 1006 4792; x_wconf 89' lang='lat' dir='ltr'><strong>ultimum</strong></span> <span class='ocrx_word' id='word_1_613' title='bbox 1023 4736 1072 4792; x_wconf 84' lang='lat' dir='ltr'><strong>rie·</strong></span> <span class='ocrx_word' id='word_1_614' title='bbox 1127 4740 1258 4811; x_wconf 80' lang='lat' dir='ltr'><strong>Quocirca</strong></span> <span class='ocrx_word' id='word_1_615' title='bbox 1279 4742 1436 4799; x_wconf 87' lang='lat' dir='ltr'><strong>discretioni</strong></span> <span class='ocrx_word' id='word_1_616' title='bbox 1458 4753 1555 4801; x_wconf 76' lang='lat' dir='ltr'><strong>uestras</strong></span> <span class='ocrx_word' id='word_1_617' title='bbox 1576 4760 1627 4816; x_wconf 92' lang='lat' dir='ltr'><strong>per</strong></span> <span class='ocrx_word' id='word_1_618' title='bbox 1647 4748 1796 4820; x_wconf 85' lang='lat' dir='ltr'><strong>apostolica</strong></span> <span class='ocrx_word' id='word_1_619' title='bbox 1814 4748 1930 4821; x_wconf 87' lang='lat' dir='ltr'><strong>scripta</strong></span> 
     </span>
     <span class='ocr_line' id='line_1_50' title="bbox 282 4826 1932 4905; baseline 0.008 -20"><span class='ocrx_word' id='word_1_620' title='bbox 282 4827 416 4885; x_wconf 85' lang='lat' dir='ltr'><strong>ltebateis</strong></span> <span class='ocrx_word' id='word_1_621' title='bbox 433 4826 567 4895; x_wconf 85' lang='lat' dir='ltr'><strong>sulllcore,</strong></span> <span class='ocrx_word' id='word_1_622' title='bbox 582 4828 653 4897; x_wconf 85' lang='lat' dir='ltr'><strong>quari</strong></span> <span class='ocrx_word' id='word_1_623' title='bbox 679 4828 751 4885; x_wconf 87' lang='lat' dir='ltr'><strong>itlern</strong></span> <span class='ocrx_word' id='word_1_624' title='bbox 766 4843 827 4896; x_wconf 84' lang='lat' dir='ltr'><strong>rex,</strong></span> <span class='ocrx_word' id='word_1_625' title='bbox 849 4840 994 4900; x_wconf 87' lang='lat' dir='ltr'><strong>postquam</strong></span> <span class='ocrx_word' id='word_1_626' title='bbox 1006 4844 1074 4884; x_wconf 84' lang='lat' dir='ltr'><strong>uxo·</strong></span> <span class='ocrx_word' id='word_1_627' title='bbox 1126 4830 1287 4889; x_wconf 87' lang='lat' dir='ltr'><strong>mandamus</strong></span> <span class='ocrx_word' id='word_1_628' title='bbox 1300 4844 1436 4903; x_wconf 88' lang='lat' dir='ltr'><strong>quatenus</strong></span> <span class='ocrx_word' id='word_1_629' title='bbox 1451 4837 1552 4905; x_wconf 91' lang='lat' dir='ltr'><strong>quoda</strong></span> <span class='ocrx_word' id='word_1_630' title='bbox 1569 4837 1648 4893; x_wconf 89' lang='lat' dir='ltr'><strong>nohis</strong></span> <span class='ocrx_word' id='word_1_631' title='bbox 1660 4846 1703 4894; x_wconf 92' lang='lat' dir='ltr'><strong>est</strong></span> <span class='ocrx_word' id='word_1_632' title='bbox 1715 4839 1932 4899; x_wconf 86' lang='lat' dir='ltr'><strong>sententialiter</strong></span> 
     </span>
     <span class='ocr_line' id='line_1_51' title="bbox 284 4917 1933 4994; baseline 0.007 -17"><span class='ocrx_word' id='word_1_633' title='bbox 284 4932 344 4977; x_wconf 81' lang='grc' dir='ltr'>νονιν</span> <span class='ocrx_word' id='word_1_634' title='bbox 376 4919 499 4985; x_wconf 81' lang='lat' dir='ltr'><strong>reduxit,</strong></span> <span class='ocrx_word' id='word_1_635' title='bbox 533 4932 615 4991; x_wconf 78' lang='lat' dir='ltr'><strong>supter</strong></span> <span class='ocrx_word' id='word_1_636' title='bbox 646 4917 742 4974; x_wconf 81' lang='lat' dir='ltr'><strong>eadem</strong></span> <span class='ocrx_word' id='word_1_637' title='bbox 781 4919 898 4977; x_wconf 91' lang='lat' dir='ltr'><strong>ecclesia</strong></span> <span class='ocrx_word' id='word_1_638' title='bbox 934 4920 1074 4976; x_wconf 90' lang='lat' dir='ltr'><strong>concessit</strong></span> <span class='ocrx_word' id='word_1_639' title='bbox 1125 4922 1281 4991; x_wconf 84' lang='lat' dir='ltr'><strong>diffinitum,</strong></span> <span class='ocrx_word' id='word_1_640' title='bbox 1296 4930 1565 4994; x_wconf 85' lang='lat' dir='ltr'><strong>vos&#39;percensuram</strong></span> <span class='ocrx_word' id='word_1_641' title='bbox 1582 4928 1933 4989; x_wconf 85' lang='lat' dir='ltr'><strong>ecelesiasticamsublato</strong></span> 
     </span>
     <span class='ocr_line' id='line_1_52' title="bbox 284 5007 1933 5093; baseline 0.007 -24"><span class='ocrx_word' id='word_1_642' title='bbox 284 5010 455 5067; x_wconf 83' lang='lat' dir='ltr'><strong>monasterio</strong></span> <span class='ocrx_word' id='word_1_643' title='bbox 478 5008 638 5065; x_wconf 82' lang='lat' dir='ltr'><strong>Curaecnsl·</strong></span> <span class='ocrx_word' id='word_1_644' title='bbox 666 5007 802 5064; x_wconf 84' lang='lat' dir='ltr'><strong>caeterum</strong></span> <span class='ocrx_word' id='word_1_645' title='bbox 828 5024 892 5080; x_wconf 85' lang='lat' dir='ltr'><strong>pars</strong></span> <span class='ocrx_word' id='word_1_646' title='bbox 920 5018 1010 5065; x_wconf 87' lang='lat' dir='ltr'><strong>uestra</strong></span> <span class='ocrx_word' id='word_1_647' title='bbox 1038 5025 1071 5065; x_wconf 84' lang='lat' dir='ltr'><strong>ex</strong></span> <span class='ocrx_word' id='word_1_648' title='bbox 1125 5015 1269 5087; x_wconf 80' lang='lat' dir='ltr'><strong>erijuusiihet</strong></span> <span class='ocrx_word' id='word_1_649' title='bbox 1282 5018 1508 5077; x_wconf 78' lang='lat' dir='ltr'><strong>contradictionis</strong></span> <span class='ocrx_word' id='word_1_650' title='bbox 1522 5032 1550 5077; x_wconf 89' lang='lat' dir='ltr'><strong>et</strong></span> <span class='ocrx_word' id='word_1_651' title='bbox 1570 5022 1759 5093; x_wconf 86' lang='lat' dir='ltr'><strong>appellationis</strong></span> <span class='ocrx_word' id='word_1_652' title='bbox 1772 5022 1933 5082; x_wconf 84' lang='lat' dir='ltr'><strong>obstaculo</strong></span> 
     </span>
     <span class='ocr_line' id='line_1_53' title="bbox 282 5096 1933 5187; baseline 0.013 -28"><span class='ocrx_word' id='word_1_653' title='bbox 282 5100 399 5159; x_wconf 78' lang='lat' dir='ltr'><strong>adverso</strong></span> <span class='ocrx_word' id='word_1_654' title='bbox 413 5098 555 5171; x_wconf 85' lang='lat' dir='ltr'><strong>respoudit</strong></span> <span class='ocrx_word' id='word_1_655' title='bbox 569 5099 652 5169; x_wconf 84' lang='lat' dir='ltr'><strong>quoti,</strong></span> <span class='ocrx_word' id='word_1_656' title='bbox 667 5096 938 5155; x_wconf 87' lang='lat' dir='ltr'><strong>sicouhrmatiouem</strong></span> <span class='ocrx_word' id='word_1_657' title='bbox 951 5100 1071 5171; x_wconf 88' lang='lat' dir='ltr'><strong>aliquam</strong></span> <span class='ocrx_word' id='word_1_658' title='bbox 1125 5107 1233 5165; x_wconf 89' lang='lat' dir='ltr'><strong>iaciatis</strong></span> <span class='ocrx_word' id='word_1_659' title='bbox 1256 5110 1447 5168; x_wconf 84' lang='lat' dir='ltr'><strong>irtaiolnhiliter</strong></span> <span class='ocrx_word' id='word_1_660' title='bbox 1472 5114 1625 5174; x_wconf 86' lang='lat' dir='ltr'><strong>obseruari.</strong></span> <span class='ocrx_word' id='word_1_661' title='bbox 1644 5117 1722 5187; x_wconf 80' lang='lat' dir='ltr'><strong>nucu</strong></span> <span class='ocrx_word' id='word_1_662' title='bbox 1741 5118 1764 5177; x_wconf 90' lang='lat' dir='ltr'><strong>si</strong></span> <span class='ocrx_word' id='word_1_663' title='bbox 1783 5134 1845 5177; x_wconf 90' lang='lat' dir='ltr'><strong>nen</strong></span> <span class='ocrx_word' id='word_1_664' title='bbox 1867 5136 1933 5179; x_wconf 84' lang='lat' dir='ltr'><strong>orsa·</strong></span> 
     </span>
    </p>
   </div>
   <div class='ocr_carea' id='block_1_4' title="bbox 282 5189 1932 5359">
    <p class='ocr_par' dir='ltr' id='par_1_7' title="bbox 282 5189 1932 5359">
     <span class='ocr_line' id='line_1_54' title="bbox 282 5189 1932 5281; baseline 0.01 -31"><span class='ocrx_word' id='word_1_665' title='bbox 282 5189 657 5261; x_wconf 75' lang='lat' dir='ltr'><strong>obtinuerunttlepriuilepio</strong></span> <span class='ocrx_word' id='word_1_666' title='bbox 671 5189 827 5259; x_wconf 86' lang='lat' dir='ltr'><strong>supradicto</strong></span> <span class='ocrx_word' id='word_1_667' title='bbox 843 5190 1072 5246; x_wconf 85' lang='lat' dir='ltr'><strong>unouaohicura-</strong></span> <span class='ocrx_word' id='word_1_668' title='bbox 1124 5212 1208 5258; x_wconf 83' lang='lat' dir='ltr'><strong>nes...</strong></span> <span class='ocrx_word' id='word_1_669' title='bbox 1237 5210 1264 5257; x_wconf 94' lang='lat' dir='ltr'><strong>tu</strong></span> <span class='ocrx_word' id='word_1_670' title='bbox 1295 5216 1339 5269; x_wconf 86' lang='lat' dir='ltr'><strong>ea,</strong></span> <span class='ocrx_word' id='word_1_671' title='bbox 1368 5199 1461 5270; x_wconf 88' lang='lat' dir='ltr'><strong>irater,</strong></span> <span class='ocrx_word' id='word_1_672' title='bbox 1489 5204 1704 5281; x_wconf 83' lang='lat' dir='ltr'><strong>archiepiscope,</strong></span> <span class='ocrx_word' id='word_1_673' title='bbox 1733 5224 1795 5268; x_wconf 85' lang='lat' dir='ltr'><strong>curn</strong></span> <span class='ocrx_word' id='word_1_674' title='bbox 1824 5226 1932 5270; x_wconf 83' lang='lat' dir='ltr'><strong>eorsum</strong></span> 
     </span>
     <span class='ocr_line' id='line_1_55' title="bbox 282 5280 1295 5359; baseline 0.007 -18"><span class='ocrx_word' id='word_1_675' title='bbox 282 5297 389 5351; x_wconf 65' lang='lat' dir='ltr'><strong>musa,</strong></span> <span class='ocrx_word' id='word_1_676' title='bbox 403 5282 462 5354; x_wconf 88' lang='lat' dir='ltr'><strong>ipsa</strong></span> <span class='ocrx_word' id='word_1_677' title='bbox 482 5282 583 5338; x_wconf 89' lang='lat' dir='ltr'><strong>nullius</strong></span> <span class='ocrx_word' id='word_1_678' title='bbox 602 5290 661 5337; x_wconf 84' lang='lat' dir='ltr'><strong>erat</strong></span> <span class='ocrx_word' id='word_1_679' title='bbox 677 5280 784 5337; x_wconf 89' lang='lat' dir='ltr'><strong>roboris</strong></span> <span class='ocrx_word' id='word_1_680' title='bbox 804 5280 845 5337; x_wconf 88' lang='lat' dir='ltr'><strong>rel</strong></span> <span class='ocrx_word' id='word_1_681' title='bbox 860 5281 978 5353; x_wconf 67' lang='lat' dir='ltr'><strong>sigorim</strong></span> <span class='ocrx_word' id='word_1_682' title='bbox 994 5282 1070 5355; x_wconf 86' lang='lat' dir='ltr'><strong>quia,</strong></span> <span class='ocrx_word' id='word_1_683' title='bbox 1125 5290 1222 5359; x_wconf 90' lang='lat' dir='ltr'><strong>altero,</strong></span> <span class='ocrx_word' id='word_1_684' title='bbox 1240 5300 1295 5350; x_wconf 86' lang='lat' dir='ltr'><strong>etc.</strong></span> 
     </span>
    </p>
   </div>
   <div class='ocr_carea' id='block_1_5' title="bbox 282 5372 1647 5535">
    <p class='ocr_par' dir='ltr' id='par_1_8' title="bbox 282 5372 1647 5535">
     <span class='ocr_line' id='line_1_56' title="bbox 282 5372 1647 5459; baseline -0.001 -28"><span class='ocrx_word' id='word_1_685' title='bbox 282 5389 346 5432; x_wconf 85' lang='lat' dir='ltr'><strong>cam</strong></span> <span class='ocrx_word' id='word_1_686' title='bbox 370 5374 458 5446; x_wconf 91' lang='lat' dir='ltr'><strong>ipsum</strong></span> <span class='ocrx_word' id='word_1_687' title='bbox 477 5372 648 5447; x_wconf 77' lang='lat' dir='ltr'><strong>priuilegium</strong></span> <span class='ocrx_word' id='word_1_688' title='bbox 670 5387 685 5426; x_wconf 88' lang='lat' dir='ltr'><strong>a</strong></span> <span class='ocrx_word' id='word_1_689' title='bbox 708 5372 959 5443; x_wconf 78' lang='lat' dir='ltr'><strong>principiairritom</strong></span> <span class='ocrx_word' id='word_1_690' title='bbox 984 5376 1056 5431; x_wconf 82' lang='lat' dir='ltr'><strong>exsti</strong></span> <span class='ocrx_word' id='word_1_691' title='bbox 1162 5382 1270 5451; x_wconf 66' lang='lat' dir='ltr'><strong>nautum,</strong></span> <span class='ocrx_word' id='word_1_692' title='bbox 1282 5394 1310 5441; x_wconf 91' lang='lat' dir='ltr'><strong>ut</strong></span> <span class='ocrx_word' id='word_1_693' title='bbox 1325 5386 1353 5441; x_wconf 64' lang='grc' dir='ltr'><strong>νη</strong></span> <span class='ocrx_word' id='word_1_694' title='bbox 1366 5386 1419 5442; x_wconf 62' lang='lat' dir='ltr'><strong>atta</strong></span> <span class='ocrx_word' id='word_1_695' title='bbox 1432 5403 1478 5459; x_wconf 64' lang='lat' dir='ltr'><strong>p„</strong></span> <span class='ocrx_word' id='word_1_696' title='bbox 1490 5396 1584 5447; x_wconf 60' lang='lat' dir='ltr'><strong>popum,</strong></span> <span class='ocrx_word' id='word_1_697' title='bbox 1644 5379 1647 5385; x_wconf 84' lang='lat'>&#39;</span> 
     </span>
     <span class='ocr_line' id='line_1_57' title="bbox 283 5462 1068 5535; baseline 0.001 -14"><span class='ocrx_word' id='word_1_698' title='bbox 283 5467 374 5533; x_wconf 85' lang='lat' dir='ltr'><strong>iisset,</strong></span> <span class='ocrx_word' id='word_1_699' title='bbox 386 5474 447 5522; x_wconf 90' lang='lat' dir='ltr'><strong>rata</strong></span> <span class='ocrx_word' id='word_1_700' title='bbox 459 5478 520 5521; x_wconf 87' lang='lat' dir='ltr'><strong>esse</strong></span> <span class='ocrx_word' id='word_1_701' title='bbox 532 5478 586 5519; x_wconf 94' lang='lat' dir='ltr'><strong>non</strong></span> <span class='ocrx_word' id='word_1_702' title='bbox 603 5472 714 5535; x_wconf 88' lang='lat' dir='ltr'><strong>peterat</strong></span> <span class='ocrx_word' id='word_1_703' title='bbox 728 5464 841 5519; x_wconf 89' lang='lat' dir='ltr'><strong>obtenta</strong></span> <span class='ocrx_word' id='word_1_704' title='bbox 859 5462 951 5521; x_wconf 85' lang='lat' dir='ltr'><strong>taliter</strong></span> <span class='ocrx_word' id='word_1_705' title='bbox 967 5466 1068 5522; x_wconf 84' lang='lat' dir='ltr'><strong>contir-</strong></span> 
     </span>
    </p>
   </div>
   <div class='ocr_carea' id='block_1_6' title="bbox 1161 4064 1898 4214">
    <p class='ocr_par' dir='ltr' id='par_1_9' title="bbox 1161 4064 1898 4214">
     <span class='ocr_line' id='line_1_58' title="bbox 1161 4064 1898 4115; baseline 0.015 -11"><span class='ocrx_word' id='word_1_706' title='bbox 1161 4064 1365 4106; x_wconf 81' lang='lat' dir='ltr'><strong>attctttttntscono</strong></span> <span class='ocrx_word' id='word_1_707' title='bbox 1378 4066 1413 4105; x_wconf 81' lang='lat' dir='ltr'><strong>ter</strong></span> <span class='ocrx_word' id='word_1_708' title='bbox 1430 4066 1533 4110; x_wconf 81' lang='lat' dir='ltr'><strong>nectito</strong></span> <span class='ocrx_word' id='word_1_709' title='bbox 1542 4066 1577 4109; x_wconf 80' lang='lat' dir='ltr'><strong>nr</strong></span> <span class='ocrx_word' id='word_1_710' title='bbox 1591 4066 1709 4109; x_wconf 77' lang='lat' dir='ltr'><strong>cmroat</strong></span> <span class='ocrx_word' id='word_1_711' title='bbox 1720 4067 1898 4115; x_wconf 66' lang='lat' dir='ltr'><strong>cusentinis.</strong></span> 
     </span>
     <span class='ocr_line' id='line_1_59' title="bbox 1408 4142 1651 4214; baseline 0 -14"><span class='ocrx_word' id='word_1_712' title='bbox 1408 4142 1496 4214; x_wconf 83' lang='lat' dir='ltr'><strong>Super</strong></span> <span class='ocrx_word' id='word_1_713' title='bbox 1507 4145 1608 4200; x_wconf 80' lang='lat' dir='ltr'><strong>sedent.</strong></span> <span class='ocrx_word' id='word_1_714' title='bbox 1649 4180 1651 4183; x_wconf 94' lang='lat'>-</span> 
     </span>
    </p>
   </div>
   <div class='ocr_carea' id='block_1_7' title="bbox 284 5660 1773 5791">
    <p class='ocr_par' dir='ltr' id='par_1_10' title="bbox 284 5660 1773 5791">
     <span class='ocr_line' id='line_1_60' title="bbox 284 5660 1773 5791; baseline 0.011 -76"><span class='ocrx_word' id='word_1_715' title='bbox 284 5660 405 5791; x_wconf 28' lang='lat' dir='ltr'><strong>minuatis</strong></span> <span class='ocrx_word' id='word_1_716' title='bbox 417 5661 503 5788; x_wconf 38' lang='grc' dir='ltr'><strong>ἔδει</strong></span> <span class='ocrx_word' id='word_1_717' title='bbox 516 5662 640 5721; x_wconf 87' lang='lat' dir='ltr'><strong>inachim</strong></span> <span class='ocrx_word' id='word_1_718' title='bbox 663 5660 748 5719; x_wconf 87' lang='lat' dir='ltr'><strong>abhas</strong></span> <span class='ocrx_word' id='word_1_719' title='bbox 763 5662 841 5735; x_wconf 82' lang='lat' dir='ltr'><strong>cujus</strong></span> <span class='ocrx_word' id='word_1_720' title='bbox 857 5661 1068 5723; x_wconf 81' lang='lat' dir='ltr'><strong>vaticinationes</strong></span> <span class='ocrx_word' id='word_1_721' title='bbox 1159 5668 1232 5742; x_wconf 67' lang='lat' dir='ltr'><strong>(cib)</strong></span> <span class='ocrx_word' id='word_1_722' title='bbox 1245 5667 1408 5744; x_wconf 70' lang='lat' dir='ltr'><strong>iitlccesta</strong></span> <span class='ocrx_word' id='word_1_723' title='bbox 1423 5668 1516 5729; x_wconf 81' lang='lat' dir='ltr'><strong>innoc.</strong></span> <span class='ocrx_word' id='word_1_724' title='bbox 1527 5669 1572 5742; x_wconf 95' lang='lat' dir='ltr'><strong>iti,</strong></span> <span class='ocrx_word' id='word_1_725' title='bbox 1587 5686 1650 5745; x_wconf 88' lang='lat' dir='ltr'><strong>cap.</strong></span> <span class='ocrx_word' id='word_1_726' title='bbox 1664 5672 1712 5743; x_wconf 75' lang='lat'><strong>23,</strong></span> <span class='ocrx_word' id='word_1_727' title='bbox 1726 5670 1773 5731; x_wconf 77' lang='lat' dir='ltr'><strong>bb.</strong></span> 
     </span>
    </p>
   </div>
   <div class='ocr_carea' id='block_1_8' title="bbox 0 0 2066 6324">
    <p class='ocr_par' dir='ltr' id='par_1_11' title="bbox 0 0 2066 6324">
     <span class='ocr_line' id='line_1_61' title="bbox 0 0 2066 6324; baseline 0 0"><span class='ocrx_word' id='word_1_728' title='bbox 0 0 2066 6324; x_wconf 95' lang='lat' dir='ltr'><strong> </strong></span> 
     </span>
    </p>
   </div>
  </div>
 </body>
</html>
