4109 6325
265 388 318 451 ati
701 398 895 461 innocuum}
913 400 945 460 iii
964 402 1015 461 i‘P.
1035 402 1270 463 uccusloubtl
1288 404 1353 463 tib.
1374 406 1442 465 xtlt.
1846 405 1901 463 ets

265 506 429 565 omnimodis
444 508 593 581 prolatura,
612 510 687 569 salta
702 515 774 573 sedis
793 516 947 591 apostolicae
961 526 1054 576 aucto·
1068 521 1093 580 Α
1105 518 1137 575 G.
1152 519 1436 592 Quinqoecclesiensis
1453 520 1598 593 episcopus
1617 518 1686 577 adeo
1706 534 1736 577 se
1751 528 1891 577 matumnr

267 599 360 657 ritate.
372 600 413 657 Ad
428 602 558 659 indicium
572 612 662 662 autem
682 606 761 681 inuios
784 624 800 666 a
822 611 886 667 sedo
907 610 1056 681 apostolica
1109 613 1292 670 bonestnmet
1302 612 1445 685 providum
1456 612 1611 671 exhibuerit
1625 620 1653 669 ot
1667 621 1903 684 proptersoarem

267 697 401 760 percepta
417 689 548 749 libertatis
561 693 653 752 decern
668 696 834 755 malaciriuos
847 700 925 757 uobis
940 702 1057 757 uostris·
1107 717 1166 759 suan
1179 702 1323 775 probitatis
1340 705 1451 761 odorem
1464 706 1500 761 ab
1516 703 1638 762 Ecclesia
1654 704 1777 760 Romana
1794 720 1904 761 merue-

266 796 319 854 que
335 785 536 842 successoribus
551 788 631 845 annis
649 788 762 861 singuiis
774 792 943 864 persolvetis.
958 792 987 850 Si
1001 807 1055 864 qua
1107 794 1144 850 rit
1156 802 1318 853 ornamento
1332 794 1411 867 paiici
1431 794 1566 861 decorari,
1584 803 1697 852 nonest
1713 796 1748 851 de
1769 794 1821 851 leri
1842 811 1906 853 cre·

264 872 348 943 igitur
362 876 388 931 iu
408 876 529 933 loturum
549 880 736 938 ecclesiastica
753 884 925 942 saecularisve
940 898 1056 953 persona
1106 885 1223 941 dandum
1241 887 1313 957 quod
1337 897 1481 959 postquam
1502 886 1537 942 ad
1560 886 1675 943 senilem
1693 887 1818 959 peruenit
1837 897 1906 943 reta·

264 964 334 1023 bauo
352 975 453 1025 nostrae
471 970 671 1029 constitutionis
693 974 819 1047 pagiuam
840 976 940 1041 sciens.
957 984 1054 1033 ourntra
1107 986 1172 1042 tem,
1187 987 1244 1034 etc.
1261 977 1375 1049 Require
1388 997 1470 1051 supro
1491 980 1519 1035 in
1540 977 1652 1049 lioperto
1671 979 1735 1035 noni
1753 980 1820 1035 onni
1831 978 1905 1051 ejas-

262 1066 323 1109 eam
349 1063 452 1115 temera
477 1060 572 1116 uenire
601 1064 764 1131 tentaverit,
790 1066 912 1122 secondo
940 1068 1056 1125 tertioue
1105 1070 1164 1126 clem
1179 1071 1281 1127 domini
1294 1071 1445 1127 innocentii
1458 1072 1530 1127 tertii
1542 1086 1629 1142 popte.

262 1148 444 1215 commonita.
459 1150 763 1225 uisiepraesumptionem
786 1169 863 1213 suam
881 1158 962 1231 digua
975 1161 1055 1217 satis·
1140 1160 1240 1218 ilatum
1254 1160 1391 1219 Ferentini
1408 1161 1496 1217 lionis
1509 1162 1592 1230 iulii,
1609 1162 1640 1218 in
1656 1162 1778 1217 eundern
1792 1163 1904 1221 modurn

263 1234 383 1296 laetione
401 1242 562 1311 correxerit,
575 1248 718 1315 potestatis
730 1247 899 1321 honorisque
909 1252 951 1306 soi
967 1250 1055 1322 digni·
1104 1269 1151 1324 per
1169 1262 1252 1310 toturn
1270 1270 1353 1324 seque
1370 1269 1423 1311 oon
1445 1253 1573 1312 duximus
1593 1253 1768 1320 iterandum,
1792 1270 1854 1312 enm
1874 1264 1903 1311 et

264 1338 320 1387 tate
332 1342 436 1401 careat,
457 1350 584 1409 reamque
602 1354 633 1397 se
654 1340 746 1397 divino
763 1340 867 1411 iudicio
887 1342 1005 1401 existere
1020 1343 1055 1401 de
1104 1346 1285 1403 charissimos
1299 1346 1327 1403 in
1348 1344 1458 1403 cbristo
1473 1344 1545 1401 diins
1557 1352 1650 1401 noster
1663 1343 1698 1399 Δ.
1712 1359 1758 1400 rex
1778 1343 1903 1417 lingaru-

262 1433 419 1495 perpetrata
444 1428 586 1500 iniquitate
609 1440 768 1505 cognoscat,
790 1442 817 1489 et
837 1433 1055 1491 asacratissimo
1105 1451 1167 1493 rum
1182 1436 1296 1493 illustris
1308 1451 1371 1493 euru
1385 1451 1435 1506 per
1452 1450 1516 1492 snas
1530 1435 1633 1493 litteras
1648 1433 1729 1491 valde
1746 1434 1825 1490 nobis
1839 1434 1905 1491 red-

262 1530 377 1588 corpora
397 1534 430 1576 ac
456 1523 587 1593 sangnine
613 1524 661 1580 bei
690 1532 719 1581 et
738 1526 844 1581 liornini
871 1526 1056 1597 redemptoris
1105 1526 1205 1585 diderit
1226 1528 1613 1597 commendatnmassorens,
1631 1528 1903 1599 uumquemq-

261 1608 349 1665 uostri
370 1606 433 1666 Jesu
459 1609 558 1669 Christi
583 1612 671 1671 aliena
696 1614 753 1684 liat,
776 1625 858 1687 atque
883 1617 911 1673 in
930 1626 1054 1675 extremo
1106 1620 1205 1694 piendo
1231 1622 1394 1679 mandamus
1420 1631 1555 1692 quatenus
1580 1635 1642 1679 curo
1667 1634 1717 1691 per
1740 1619 1902 1691 episcopum

261 1702 388 1759 examino
404 1703 534 1761 districtae
555 1706 652 1763 ultioni
672 1708 821 1778 subiaceat.
838 1709 1054 1767 Cunctisautem
1104 1713 1194 1786 ipsum
1216 1728 1271 1770 non
1295 1714 1403 1771 steterit
1423 1728 1478 1784 quo
1505 1712 1595 1769 minus
1618 1712 1774 1783 purgaverit
1796 1720 1901 1767 seruet·

263 1792 339 1849 robis
353 1802 443 1851 uestra
460 1796 522 1865 iura
541 1800 713 1857 servantibus
726 1799 762 1857 sit
774 1816 826 1871 pax
846 1800 953 1859 bomini
965 1803 1053 1859 nostri
1104 1804 1205 1875 ipsum,
1219 1804 1329 1875 quando
1349 1804 1538 1878 purgationem
1549 1803 1656 1861 curarit
1670 1802 1781 1869 offerre,
1795 1818 1849 1859 non
1871 1811 1902 1858 ot

261 1876 326 1937 iesu
340 1882 456 1951 Cbristi;
472 1895 607 1957 qnatenus
621 1897 650 1944 et
661 1889 705 1946 iric
716 1888 834 1947 lructuor
847 1890 924 1947 bouae
937 1892 1055 1949 actionis
1069 1876 1091 1931 Β
1106 1903 1198 1953 ratum
1209 1895 1322 1952 baberet
1333 1896 1431 1969 quoda
1443 1896 1541 1953 nuntio
1554 1909 1603 1953 sno
1615 1894 1899 1967 lueratprocuratonr,

262 1973 434 2049 percipiant,
462 1985 490 2033 et
514 1978 585 2048 apud
614 1978 768 2037 districtum
793 1980 912 2051 iudicem
942 1984 1054 2055 praemia
1105 1987 1153 2044 sed
1169 2001 1204 2044 ne
1221 1987 1379 2044 mandatum
1399 1986 1580 2059 apostolicum
1600 1994 1777 2043 contemnere
1789 1986 1900 2041 ridere·

261 2074 371 2123 ΗΘΜ
381 2065 456 2138 lacis
469 2067 617 2125 inveniant.
628 2070 725 2129 nmen.
1107 2090 1162 2147 tur,
1183 2095 1236 2136 uou
1256 2079 1353 2135 sinatis
1371 2078 1458 2149 ipsum
1480 2077 1595 2134 ulterius
1612 2074 1756 2133 occasione
1777 2074 1900 2146 predicti

297 2154 393 2209 ilatum
407 2155 533 2212 Laterani
549 2172 598 2229 per
612 2175 723 2217 manum
740 2160 853 2221 ioannis
872 2163 980 2225 Sancus
997 2164 1054 2221 ila·
1109 2170 1232 2226 mandati
1246 2170 1281 2225 ab
1291 2169 1383 2241 aliquo
1393 2166 1548 2235 molestari,
1562 2166 1610 2222 sed
1628 2166 1652 2222 si
1665 2165 1790 2221 videritis
1804 2174 1900 2221 contra

261 2242 309 2300 '³ae
331 2244 360 2302 ⁵¹¹
381 2237 519 2303 c⁰⁸¹¹¹idi¹¹
541 2248 647 2308 di²⁰⁰¹¹i
661 2252 822 2323 midissiiiss
844 2255 874 2311 S·
891 2255 923 2312 ¹i·
942 2256 974 2313 Ε·
990 2271 1056 2313 ⁰³¹¹-
1107 2276 1171 2321 enm
1202 2261 1291 2317 studia
1316 2260 1476 2317 concinnari
1499 2258 1629 2329 maligna,
1657 2272 1712 2313 non
1736 2256 1902 2327 permittatis

260 2335 376 2404 cellarii,
390 2353 437 2394 iiii
454 2338 517 2396 idus
537 2339 639 2408 Martii,
662 2342 811 2400 indictione
834 2346 914 2401 tertia
938 2346 1054 2413 decima,
1106 2354 1193 2425 ipsum
1216 2352 1319 2423 iniquis
1348 2350 1597 2407 machinationibus
1625 2348 1804 2415 conculcaii;
1836 2348 1901 2418 quia

262 2427 455 2486 iucarnationis
467 2432 612 2491 Dominicae
625 2448 697 2489 anuo
709 2434 852 2491 millesimo
864 2436 1053 2495 ducentesimo
1106 2444 1286 2502 vehementer
1298 2442 1489 2513 praesumimus
1503 2454 1537 2497 ει
1553 2438 1748 2496 ηῐῑςῑιῃῑιῑιω.
1760 2436 1902 2507 fflnjqegu.

262 2535 345 2587 nono,
360 2522 533 2591 pontificante
552 2538 616 2581 veto
640 2527 743 2583 domini
761 2527 910 2586 iunocentii
930 2544 1006 2601 papae
1021 2528 1054 2586 lil
1107 2533 1233 2605 risquod
1256 2532 1338 2604 aliqui
1367 2540 1462 2589 contra
1486 2546 1550 2588 eum
1577 2528 1678 2585 inuidia
1701 2536 1900 2598 conquirantur,

263 2625 336 2671 annno
352 2613 432 2674 tertio
450 2614 565 2672 docimo.
1105 2612 1285 2697 dejectionem
1300 2624 1386 2696 ipsius
1405 2622 1598 2682 exaltationem
1611 2620 1749 2693 propriam
1762 2619 1903 2675 ontiman-

631 2706 689 2766 lili.
1105 2727 1164 2785 tosa
1180 2715 1359 2790 significaturi
1375 2716 1464 2781 nobis.
1486 2728 1549 2770 oum
1568 2714 1696 2785 expedire
1717 2710 1850 2779 sideritis,
1865 2711 1901 2767 de

262 2806 416 2851 centbtcust
440 2811 584 2863 ΕΡΙὲῦοΡΟ,
603 2814 640 2855 trt·
662 2814 759 2856 atbl'rt
782 2815 815 2857 lili
838 2815 952 2858 Cilibiioii
978 2817 1055 2867 billit-
1105 2809 1218 2881 singuiis
1234 2807 1448 2865 circumstantiis
1461 2806 1616 2863 veritatem,

435 2960 441 2971 Ι
470 2884 688 2931 0⁰i⁰⁰iss¹¹³i⁸¹⁵
705 2886 845 2928 mm·
1140 2900 1240 2957 baron
1252 2899 1381 2961 Laterani
1397 2914 1434 2956 vn
1454 2898 1517 2955 idus
1532 2898 1641 2970 Martii,
1657 2897 1834 2973 poniiictiili
1848 2911 1901 2953 ¹¹⁰·

353 2957 487 3013 Seribrtur
498 2977 547 3030 pro
561 2962 680 3065 episcopo
696 2960 963 3034 Quinqueccleeienti.
1106 2994 1158 3051 ml
1173 3008 1246 3052 ,nno
1260 2992 1341 3052 wgo
1354 2990 1461 3049 decumo
1473 2990 1541 3067 (ιο),

453 3050 602 3118 (Laterani,
618 3066 656 3109 vu
670 3052 733 3110 idus
747 3053 860 3125 llartii.)

300 3139 366 3198 Cum
388 3142 415 3199 iu
436 3141 577 3215 juventute
601 3156 651 3202 sua
669 3144 831 3203 uenerabilis
853 3147 937 3204 irater
959 3158 1053 3206 noster

298 3319 355 3394 (iii)
371 3321 459 3378 Verba
482 3333 543 3392 qua
567 3322 613 3378 iric
638 3321 749 3388 dosora·
771 3325 918 3396 repetenda
939 3334 1003 3384 sunt
1018 3338 1053 3383 ex
1067 3329 1089 3388 c
1105 3327 1164 3400 ipso
1178 3328 1298 3401 suspicio
1312 3342 1366 3384 uon
1381 3329 1468 3398 possit
1480 3326 1586 3386 baberi.
1604 3326 1660 3384 Sed
1674 3326 1803 3384 inimicus
1815 3327 1903 3385 borne

262 3391 409 3464 candum
430 3393 625 3464 injuventute.
650 3393 689 3450 lie
712 3395 946 3464 praesumptionib.
970 3407 1053 3454 etex
1106 3400 1269 3468 rescriptum
1297 3398 1449 3454 litterarum
1482 3399 1589 3455 iliarum
1618 3397 1793 3468 subripiens.
1826 3398 1901 3468 aponi

260 3478 324 3548 sagr.
345 3463 407 3519 eod.
420 3513 422 3519 .
433 3461 470 3519 ile
491 3473 599 3533 purgat.
620 3477 719 3520 canon.
741 3465 768 3520 in
784 3465 863 3521 tertia
883 3465 1054 3531 collectione,
1105 3469 1263 3538 praedictum
1279 3483 1370 3540 regern
1383 3479 1411 3525 et
1425 3479 1567 3541 magnates
1577 3470 1652 3540 regui
1667 3470 1674 3524 i
1694 3484 1754 3525 sum
1771 3469 1902 3541 neqniter·

262 3535 308 3591 nbr
331 3534 372 3590 sio
392 3531 490 3616 iegitur
507 3549 515 3589 r
533 3551 543 3586 ι
560 3531 707 3614 Postquam
732 3533 766 3589 ad
793 3534 905 3591 senilem
933 3538 1055 3606 peruenit
1105 3537 1265 3608 publicauit.
1281 3549 1310 3594 ιιι
1333 3540 1374 3595 sic
1393 3540 1465 3596 idem
1487 3539 1630 3624 episcopos
1646 3537 1681 3592 de
1718 3547 1759 3594 ret
1781 3539 1902 3609 amplius

263 3611 384 3670 aetatem,
398 3613 443 3657 tur
462 3611 514 3660 nter
530 3602 661 3672 abraserit
670 3617 765 3674 rugum
782 3603 900 3672 bomini,
912 3606 1012 3666 letbres
1026 3619 1055 3665 et
1104 3608 1243 3675 infamari,
1257 3622 1319 3664 curu
1341 3609 1480 3664 rideretur
1491 3610 1570 3665 nobis
1581 3607 1749 3666 incredibilis
1762 3617 1791 3664 ot
1803 3622 1901 3676 suspe-

260 3673 398 3730 loeditates
420 3619 541 3732 lrirdrnrs
561 3672 753 3745 amplexando.
776 3690 838 3732 cum
866 3674 940 3732 labes
961 3677 1055 3748 innius-
1104 3686 1177 3735 ctus.
1194 3677 1450 3736 lindenostantam
1467 3677 1660 3734 aemrtiorumo
1698 3679 1791 3734 uitiata
1807 3689 1902 3732 atten-

262 3745 347 3809 modi,
359 3758 420 3814 quae
434 3758 627 3814 nonuunquam
640 3742 820 3814 injuventute
832 3747 1013 3814 contrabitur,
1025 3749 1053 3806 in
1104 3749 1221 3816 dentes.
1246 3745 1309 3804 iicet
1338 3747 1437 3820 pulsati
1470 3748 1604 3805 luerimus
1636 3748 1776 3805 multoties
1801 3758 1900 3804 corrtra

264 3822 403 3870 senectute
422 3813 592 3884 irequentius
610 3814 742 3885 expietur.
768 3815 836 3882 Qnris
863 3824 993 3885 praterea
1019 3821 1054 3878 de
1104 3833 1182 3885 eoru,
1194 3828 1332 3888 nunqnam
1347 3826 1438 3873 tannen
1452 3817 1583 3874 adversos
1597 3833 1660 3874 eum
1672 3818 1809 3888 potuimus
1823 3832 1902 3874 com·

262 3883 333 3940 iaciii
345 3885 469 3941 crederet
484 3884 555 3954 qnod
567 3884 609 3940 nir
619 3884 749 3953 praeditus
763 3886 876 3942 scicntia
888 3885 1051 3958 litterarum,
1104 3889 1223 3952 moueri.
1248 3889 1366 3945 scientes
1390 3889 1463 3958 «guod
1488 3889 1567 3944 iaciie
1593 3889 1743 3943 dominium
1771 3887 1900 3957 seqnitur

262 3955 379 4024 propriae
394 3954 489 4010 salutis
508 3951 620 4020 obiitus,
640 3955 673 4010 ad
697 3967 757 4010 cam
781 3956 916 4024 passionis
936 3957 1053 4028 ignomi·
1104 3959 1258 4016 multitudo.
1275 3957 1325 4016 ilbi
1344 3972 1410 4013 nero
1431 3958 1502 4013 idem
1518 3959 1662 4028 episcopus
1676 3958 1710 4013 ad
1727 3957 1901 4028 strigonien·

263 4026 336 4080 niam
351 4031 566 4079 reconverteret
576 4032 606 4079 ut
618 4037 679 4080 curn
692 4025 802 4094 propria
815 4033 897 4096 nepte
911 4028 1051 4086 abomina-
1103 4043 1162 4084 sem
1194 4028 1365 4100 metropolim
1387 4028 1494 4085 exstitit
1517 4027 1689 4097 postulatos.
1711 4028 1822 4098 quidam
1847 4027 1898 4097 qui

262 4093 345 4150 bilem
365 4100 535 4164 perpetraret
553 4092 705 4158 incestum,
728 4108 789 4150 cum
807 4096 889 4152 etiam
904 4099 1052 4156 secundnm
1103 4113 1186 4170 super
1205 4098 1262 4169 ipsa
1289 4099 1470 4170 postulatione
1494 4098 1710 4154 adversabantur
1737 4097 1836 4161 eidem,
1866 4106 1900 4151 ut

263 4164 413 4219 sententias
438 4163 609 4218 ethnicarum
632 4163 757 4221 naturale
781 4165 870 4222 ioedus
897 4167 967 4223 inter
986 4170 1054 4228 tales
1103 4168 1300 4240 promotionem
1313 4167 1399 4238 ipsius
1410 4168 1516 4224 iaoiiins
1529 4169 1701 4238 impedirent,
1717 4167 1789 4222 illius
1801 4166 1900 4223 crimi-

263 4248 393 4304 personas
408 4233 474 4289 niiril
495 4233 636 4303 permittat
655 4236 734 4290 scaeui
755 4235 878 4291 criminis
897 4237 1054 4308 suspirant
1103 4238 1222 4295 uationis
1242 4239 1376 4294 carbones
1397 4239 1579 4295 reaccendere
1604 4246 1669 4296 snut
1692 4237 1789 4292 moliti.
1817 4235 1898 4292 Unde

262 4305 341 4360 Licet
354 4305 436 4372 igitur
453 4303 566 4359 illustris
586 4317 632 4360 rex
657 4303 781 4374 [lugaria
802 4307 927 4362 eumdem
947 4309 1054 4380 episro-
1103 4309 1213 4377 quidam
1228 4316 1390 4378 procurator
1411 4309 1497 4378 ipsius
1513 4309 1541 4364 in
1560 4318 1652 4366 nostra
1667 4307 1811 4377 presentia
1826 4321 1897 4361 con·

263 4389 327 4444 putu
344 4374 423 4429 uobis
438 4373 611 4430 interdictum
623 4388 673 4442 per
685 4375 794 4432 nuntios
805 4383 833 4431 et
842 4375 947 4432 litteras
959 4379 992 4434 de
1006 4381 1051 4436 tali
1103 4379 1230 4442 stitutus,
1245 4378 1279 4433 de
1289 4378 1404 4434 consilio
1416 4379 1594 4449 quorumdam
1605 4379 1753 4434 amicorum
1768 4391 1895 4441 suorum,

265 4444 381 4500 crimino
398 4442 540 4499 detulisset
550 4443 708 4513 suppliciter
719 4445 860 4515 postulans
875 4455 904 4500 et
919 4447 1053 4505 instanter
1103 4447 1149 4518 qni
1162 4461 1244 4518 snper
1257 4447 1309 4505 boc
1328 4449 1437 4518 quidem
1453 4447 1552 4503 bonnm
1572 4452 1660 4504 zelum
1679 4447 1826 4512 habebant,
1843 4447 1894 4500 sed

265 4523 296 4570 ot
308 4514 408 4570 malurn
421 4513 572 4583 hujusmodi
583 4516 765 4586 perniciosum
778 4513 903 4598 exemplo
914 4517 948 4572 de
962 4517 1054 4590 linga·
1104 4533 1157 4572 xrun
1171 4519 1319 4574 secumdum
1332 4517 1484 4583 scientiam,
1498 4518 1582 4587 cupit
1593 4533 1608 4572 a
1620 4518 1697 4573 nobis
1708 4519 1736 4572 in
1748 4516 1896 4586 prasentia

265 4583 320 4640 rica
341 4583 462 4640 Ecclesia
475 4581 640 4650 tolleremus,
680 4587 723 4640 uia
738 4594 828 4640 tamen
842 4599 901 4654 epus
915 4590 1053 4658 suggestio
1105 4587 1219 4643 iratrurn
1242 4598 1398 4644 nostrorum
1415 4603 1476 4642 cum
1494 4587 1623 4644 instantia
1641 4585 1779 4656 postulare
1794 4593 1896 4654 qnate-

265 4670 318 4710 uon
332 4657 365 4708 dc
377 4654 518 4736 claritatis
528 4654 618 4709 radico
630 4602 677 4710 sci
689 4670 721 4711 ex
732 4655 786 4710 odii
795 4653 893 4737 'lourite
905 4659 1052 4726 procedere
1068 4663 1091 4720 Ι)
1105 4673 1156 4713 nus
1169 4659 1257 4714 eidem
1276 4659 1404 4728 episcopo
1418 4659 1603 4740 purgationem
1617 4658 1777 4713 canonicatu
1792 4655 1899 4710 lacere

264 4725 496 4791 videbatnr‚cum
510 4739 597 4794 ipsum
619 4733 746 4794 tanquam
766 4724 904 4780 imuncum
926 4730 1053 4798 persequi
1105 4743 1167 4783 mus
1190 4727 1286 4792 iudici,
1312 4736 1342 4783 ut
1370 4743 1447 4783 snam
1473 4729 1656 4782 innocentiam
1683 4727 1895 4782 domonstraret.

263 4809 319 4850 non
333 4803 462 4862 cessaret,
474 4797 545 4851 sicut
555 4805 597 4848 est
608 4794 635 4850 in
648 4802 703 4850 tota
714 4794 853 4864 provincia
866 4793 1053 4865 manifestum,
1102 4798 1157 4854 iios
1172 4806 1263 4853 auteur
1280 4794 1434 4865 hujusmodi
1457 4797 1667 4868 postulationem
1693 4797 1786 4852 miuus
1804 4795 1898 4864 provi·

264 4865 401 4921 rroluirnus
418 4881 499 4924 aures
518 4875 625 4922 nostras
639 4865 717 4934 quasi
734 4863 860 4934 malignis
873 4863 1055 4924 delationibus
1103 4869 1178 4936 daur,
1194 4869 1248 4925 imo
1259 4868 1342 4924 nimis
1362 4867 1540 4937 improuidam
1556 4875 1723 4939 reputantes¹
1735 4873 1897 4935 procursum

264 4934 410 5004 inclinaro;
435 4935 482 4994 sed
501 4942 531 4992 ut
556 4933 733 5004 probaremus
753 4933 865 5003 spiritus
888 4935 912 4991 si
928 4945 1001 4992 esset
1020 4951 1054 4992 ex
1104 4952 1161 4994 reru
1185 4939 1273 5007 ipsum
1295 4937 1330 4992 ab
1349 4953 1383 4993 ea
1406 4952 1478 5008 saepe
1501 4937 1638 4993 voluimus
1660 4949 1808 4998 reuocare:
1836 4941 1895 4988 tum

263 5004 331 5070 Deo,
344 5006 421 5061 bonae
434 5003 571 5061 memoriae
584 5002 718 5058 lauriensi
735 5004 774 5076 (a)
789 5005 917 5076 episcopo
931 5006 1056 5062 dedimus
1103 5009 1167 5077 qnia
1180 5009 1322 5078 saepefatus
1340 5009 1485 5078 episcopos
1497 5023 1551 5063 nou
1567 5008 1711 5064 ridebatur
1725 5007 1794 5074 apud
1808 5003 1896 5084 bonos

263 5075 365 5130 uostris
378 5075 476 5131 litteris
491 5077 517 5131 in
540 5073 676 5128 mandatis
691 5081 720 5126 ut
738 5073 884 5144 prudenter
900 5089 933 5129 ac
947 5083 1054 5131 carrtea
1104 5089 1242 5149 etgraves
1257 5079 1291 5133 do
1302 5078 1347 5133 illo
1359 5078 1474 5132 crimine
1484 5077 1649 5142 infamatus,
1662 5091 1725 5133 curu
1738 5075 1894 5144 coepiscopi

262 5145 431 5216 coepiscopis
453 5145 514 5201 inda
533 5152 594 5199 aret
619 5155 709 5199 utrum
735 5141 876 5213 praelatum
895 5145 1053 5215 episcopum
1104 5163 1187 5216 super
1204 5146 1256 5203 lroc
1269 5161 1304 5202 ex
1318 5149 1447 5203 mandato
1457 5148 1608 5218 apostolico
1622 5147 1745 5218 requisiti
1760 5144 1898 5198 landabile

263 5215 407 5271 crederent
421 5215 468 5271 tali
491 5161 550 5270 iaie
575 5225 737 5284 respersum.
758 5211 809 5280 Qui
831 5215 908 5270 nobis
931 5223 1054 5286 postmo·
1106 5216 1289 5273 testimonium
1314 5218 1348 5273 de
1372 5219 1431 5288 ipso
1455 5218 1534 5274 uobis
1558 5217 1715 5274 curaverint
1742 5213 1894 5295 exbibete:

263 5283 328 5338 dorm
343 5284 541 5356 rescripserunt
562 5284 635 5354 quod
660 5297 721 5338 euru
736 5281 823 5339 uirum
847 5281 967 5339 honestae
989 5299 1054 5338 con·
1106 5298 1161 5342 torn
1177 5284 1241 5357 quia
1267 5286 1328 5343 talis
1347 5287 1488 5342 infamatio
1512 5287 1652 5344 ninelratur
1671 5287 1706 5341 ab
1728 5285 1847 5341 inimrcrs
1865 5290 1895 5337 et

263 5355 426 5412 versationis
443 5369 505 5410 esse
527 5353 685 5418 credebant,
703 5365 847 5422 personam
868 5351 940 5408 illius
962 5353 1053 5409 multi·
1105 5354 1209 5410 aenrrrlis
1222 5359 1398 5425 processisse,
1419 5358 1494 5412 sicut
1512 5357 1639 5427 superius
1659 5366 1704 5412 est
1722 5367 1891 5476 exgrcssnrn.

263 5423 370 5494 pliciter
384 5424 615 5484 murnentanus,
627 5422 694 5490 Quia
709 5437 773 5477 uero
786 5429 863 5490 puter
875 5422 958 5478 lilium
971 5437 1052 5493 quatu
1108 5427 1183 5482 iindc
1197 5440 1259 5480 cum
1278 5437 1400 5482 anteacta
1415 5425 1473 5494 ejus
1493 5429 1549 5482 nita
1569 5425 1755 5482 commendabi
1769 5424 1792 5478 is
1808 5432 1894 5478 exsit-

263 5493 353 5566 diligit
370 5494 493 5565 corripit,
508 5507 557 5547 nos
570 5493 696 5547 cumdem
712 5491 871 5562 episcopum
886 5507 934 5563 per
949 5492 1054 5548 litteras
1106 5497 1183 5552 tisset
1206 5504 1235 5551 et
1259 5496 1411 5568 bnjrrsmodi
1436 5497 1543 5554 lacinus
1562 5495 1722 5554 incredibile
1744 5492 1893 5560 rideretur,

264 5572 370 5626 trustras
386 5562 576 5637 corripuimus,
591 5561 761 5644 injungentes
773 5560 861 5617 eidem
877 5563 909 5617 ad
924 5561 1053 5634 majorem
1107 5581 1159 5621 nou
1174 5567 1352 5623 credebamus
1372 5567 1397 5622 ei
1422 5567 1609 5638 purgationem
1629 5565 1749 5636 aliquam
1768 5561 1893 5619 indicen-

265 5633 399 5692 canutam
423 5642 452 5690 ut
473 5635 508 5688 ab
529 5631 601 5687 iliius
619 5631 803 5688 lamriiaritate
825 5631 967 5698 cassando,
983 5635 1054 5704 apud
1106 5635 1179 5691 dam.
1197 5635 1330 5692 Ceterum
1352 5637 1415 5720 qnia
1438 5645 1600 5705 pmcurator
1619 5631 1893 5716 instamuoonpntsi

265 5699 350 5764 iteum
363 5713 392 5760 et
404 5703 529 5766 homiues
542 5701 672 5762 raiitnrse
686 5703 799 5760 baberet
813 5702 887 5777 quod
898 5702 1008 5764 stninra
1021 5703 1056 5762 do
1107 5704 1227 5778 luimus,
1248 5721 1301 5762 non
1319 5704 1390 5777 jons
1414 5706 1587 5775 necessitato,
1610 5705 1660 5764 ssd
1686 5705 1894 5779 inportunitate

297 5831 333 5908 (a)
352 5832 402 5898 pud
427 5833 503 5900 coli..
516 5835 644 5895 liconiensi
