4109 6325
292 193 363 247 toto

936 195 1139 261 theotberti
1158 201 1191 259 lll
1209 200 1261 260 ΡΡ.

1799 282 1804 289 ¹
1844 212 1913 267 tart

290 303 362 359 tino.
376 304 541 362 lucentulam
553 307 658 361 modum
671 308 886 381 llogdeiurgensi
900 311 1075 381 archiepisco·
1090 322 1115 381 Α
1130 326 1251 373 nostrum
1265 312 1390 371 ottonem
1401 314 1427 369 in
1441 322 1530 386 regem
1546 315 1701 387 recipimus,
1718 326 1745 373 et
1754 322 1871 391 regalem
1885 328 1911 380 ei

289 405 360 466 poet
384 399 650 468 suffraganeis'ejus.
674 396 840 454 lnettrrulem
864 400 969 455 utorium
992 404 1073 457 nobili

290 489 345 540 siro
355 488 416 541 duci
428 488 574 542 Bernnrdo.
584 487 619 541 ln
634 489 751 541 eumricut
760 492 866 544 modum
882 492 980 562 ariulfo
993 495 1074 547 couti-

289 576 310 627 ri
322 576 354 629 tic
365 575 540 629 lovenburcb.
554 574 587 629 ln
600 578 720 629 eumdem
734 577 840 630 morium
857 578 917 631 tlttci
940 578 1072 633 Bnenrioe.

620 666 753 722 mill,

412 774 502 814 nttnttt
524 774 587 814 stne
610 773 749 814 oeaunsno
771 774 804 813 ee
819 775 947 816 notatae.

323 848 479 907 Gattdenuts
489 852 516 905 in
527 849 640 904 homino
649 857 676 901 et
690 849 715 902 in
729 852 850 917 potentia
861 852 968 906 virtutis
977 850 1072 919 ipsios,

289 959 349 1014 que
363 945 410 999 tihi
425 954 453 998 et
478 942 639 1013 quibusdam
668 942 728 997 aliis
742 943 837 997 amieis
858 952 886 997 at
910 946 1072 1015 consangui-

289 1034 348 1088 neis
363 1034 416 1087 tuis
430 1033 643 1088 misericorditer
661 1032 802 1101 inspiravit
818 1042 847 1085 nt
858 1034 893 1086 ah
906 1047 939 1088 eo
953 1032 1074 1087 diseede-

289 1140 333 1182 res
346 1127 388 1181 ctti
401 1141 451 1182 nes
460 1140 589 1181 corenam
601 1124 719 1193 imperii,
734 1124 808 1178 saiva
827 1125 1005 1190 conscientia,
1022 1125 1073 1178 im·

1126 408 1297 480 precipimus
1308 406 1342 461 ah
1355 405 1479 460 omnihus
1491 405 1674 460 obedientiam
1695 409 1829 464 exhiheri.
1855 410 1912 465 hlo-

1126 513 1219 553 uemas
1233 498 1315 568 igitur
1328 496 1525 551 fraternitatem
1542 505 1659 551 tuamet
1683 498 1859 554 exhortamur
1882 504 1910 557 itt

1126 589 1240 643 Domino
1256 598 1283 643 et
1297 602 1345 657 per
1358 586 1504 655 apostoliea
1521 582 1574 640 'tihi
1604 588 1704 655 scriptu
1732 590 1912 659 praecipiendo

1125 680 1287 735 mandamus
1314 687 1447 747 quatenus
1467 676 1537 729 sicut
1562 675 1706 741 haetenus,
1736 679 1792 734 imo
1813 678 1916 739 lortius

1125 783 1205 837 quam
1219 767 1349 822 hactenus
1364 766 1390 819 in
1410 765 1468 835 ejus
1482 765 1515 818 do
1527 774 1630 818 castet-o
1642 764 1788 821 dilectione
1812 784 1844 823 ac
1861 771 1909 824 dc·

1125 855 1232 909 t‘otiotte
1244 854 1382 924 persistas,
1398 862 1425 908 et
1437 856 1471 907 ad
1488 854 1617 907 honorem
1625 862 1652 906 et
1666 852 1911 927 prolectomipsius

1125 963 1173 1017 per
1186 957 1253 1002 teac
1266 957 1325 1002 tutos
1350 944 1494 1000 eilicaeiter
1522 956 1549 1000 et
1573 953 1697 1013 potenter
1728 947 1864 1014 intendas.
1882 960 1912 1005 et

1125 1038 1426 1109 quoscunqueputesatl
1440 1037 1559 1093 latorem
1576 1035 1633 1104 ejus
1646 1045 1675 1091 et
1697 1036 1855 1094 ihlelitatem
1871 1044 1909 1095 itt-

1125 1132 1217 1187 ducas.
1238 1130 1385 1185 cumcuim
1401 1137 1505 1198 gratum
1519 1127 1598 1180 uoltis
1612 1126 1696 1180 luerit
1711 1135 1740 1181 el
1768 1143 1906 1198 acceptum

288 1231 390 1285 ponere
419 1232 471 1271 noo
495 1231 644 1286 possemus,
659 1226 686 1270 et
698 1214 851 1270 adhaereres
871 1216 907 1269 illi
921 1230 1000 1284 quem
1024 1228 1073 1269 nos

290 1307 455 1362 intendimus
463 1308 609 1363 honorare.
625 1306 696 1361 Sarte
716 1320 777 1359 earu
791 1306 921 1359 llotnante
945 1305 1072 1362 Ecclesia

289 1396 470 1465 dispendium,
485 1409 551 1460 etc„
569 1405 599 1450 ut
612 1397 640 1451 itt
654 1396 812 1465 precedenti
830 1413 912 1465 usurus
924 1397 950 1450 iu
962 1398 1052 1465 finem.

326 1486 361 1543 lu
376 1490 494 1545 eumdem
509 1490 616 1545 modum
630 1486 778 1557 Guttiirede
788 1489 821 1541 tie
831 1486 999 1557 uppetona.

606 1577 749 1633 xxxvia.

461 1684 679 1728 eademeadem}
694 1683 908 1728 tncntertscoro.
1089 1657 1111 1711 Β
1160 1675 1267 1731 Datttm.

324 1760 601 1819 Lieeteharissimum
618 1763 644 1816 iu
657 1762 765 1819 Christo
781 1763 865 1818 liliam
889 1769 1012 1817 nostrum
1039 1763 1073 1817 il-
1159 1764 1323 1822 lucentulam
1342 1767 1396 1837 [erc
1414 1764 1519 1820 erodunt
1541 1764 1716 1835 suffragancis
1744 1760 1909 1819 coloniensis

288 1853 403 1910 lustrem
422 1868 511 1924 regem
535 1850 661 1908 Ottonem
676 1853 702 1907 in
727 1852 910 1907 liontaoerom
928 1852 1074 1921 imperate·
1124 1861 1259 1917 Ecclesiae.

288 1963 347 2003 rent
362 1948 479 2003 electum
493 1947 601 2002 sineera
614 1946 757 2015 diligamus
778 1944 805 1999 itt
820 1943 935 2001 llontino
954 1946 1073 1999 charita·

288 2047 326 2104 tc‚
344 2047 371 2094 et
382 2040 416 2094 ad
427 2038 558 2094 honorem
569 2037 740 2091 intendamus
752 2035 846 2105 ipsius,
863 2034 1074 2103 liagdehorgen-
1303 2060 1389 2101 gom„
1406 2060 1469 2101 aggo
1478 2059 1540 2099 puer
1556 2056 1724 2097 potaturae.

288 2131 327 2186 sis
343 2138 432 2185 tamea
452 2130 578 2185 Ecclesiae
591 2130 786 2184 incrementum
802 2127 977 2181 nihilomiuus
1007 2124 1073 2180 olleo
1159 2138 1281 2195 gggggrg
1296 2138 1376 2193 deges
1392 2137 1417 2190 tn
1434 2134 1555 2197 pomino,
1571 2142 1637 2197 ete..
1660 2129 1909 2201 nequemaior-um,

288 2229 404 2283 must
417 2225 445 2272 ⁰¹
459 2216 625 2273 indemniiifi
646 2216 705 2287 ⁰1⁰⁵
717 2225 828 2289 inlisua
841 2215 1073 2274 V⁰¹⁸¹¹¹¹¹¹⁵⁵⁰ffi⁰i
1124 2234 1195 2307 qttotl
1222 2240 1294 2289 ittam
1309 2241 1338 2286 et
1372 2229 1486 2284 aliorum
1507 2226 1658 2295 prittcipttttt
1695 2224 1857 2279 charissime
1880 2224 1907 2275 itt

288 2309 382 2364 tudine
396 2308 549 2380 providere.
561 2306 600 2365 Ne
613 2308 695 2382 igitur
705 2310 838 2379 promotio
850 2310 908 2379 eius
917 2310 1005 2364 eidem
1021 2309 1073 2365 Ee·
1123 2327 1232 2383 cgfggo
1246 2326 1399 2381 geomeo
1410 2318 1507 2378 plagari
1518 2316 1573 2390 regi
1584 2314 1676 2371 ottoni
1687 2315 1713 2368 in
1725 2314 1906 2367 hontanoratu

287 2402 377 2459 0¹⁸⁸*ae
389 2405 425 2458 sit
438 2404 578 2470 dimn⁰⁵³s
588 2414 615 2457 et
634 2415 661 2456 ω
675 2411 747 2456 “¹⁰¹⁰
773 2401 864 2455 diffini
890 2415 905 2454 ³
928 2400 1073 2455 ¹¹⁰V⁰ii⁰¹¹⁰
1124 2417 1316 2485 imperatorem
1330 2414 1417 2468 eleeto
1428 2410 1574 2465 latentium
1585 2404 1775 2463 discretionem
1790 2411 1816 2456 et
1832 2401 1907 2456 intio-

287 2492 799 2564 ipsiosetobsequioretraltaris,nos
821 2504 913 2559 proce
940 2488 1074 2543 ctiratri·
1125 2509 1219 2561 sugg„
1248 2506 1476 2568 commendantes,
1503 2501 1649 2573 reprobare
1680 2497 1750 2567 qttod
1780 2492 1909 2566 repreba-

288 2586 341 2641 bus
361 2585 427 2668 ejus
447 2585 481 2639 da
501 2584 620 2653 ipsorum
645 2582 784 2637 uoluntate
805 2581 984 2651 promittimus
1001 2580 1074 2648 ettad
1126 2599 1246 2662 ggggc„
1268 2611 1347 2660 pum
1360 2596 1387 2649 5„
1397 2596 1484 2663 finem·

288 2691 371 2746 super
385 2674 604 2746 possessionibus
626 2681 653 2727 et
678 2672 828 2728 honeribus
852 2671 910 2739 eitra
936 2672 962 2726 itt
989 2671 1075 2740 ipsios
1159 2692 1194 2741 [η
1215 2686 1332 2741 emnem
1359 2686 1464 2741 ΜΗ,
1497 2683 1586 2738 mmm
1615 2678 1763 2745 Fraudata,
1797 2676 1859 2729 aeci
1875 2676 1906 2729 de

286 2763 470 2835 iliael'ssdissiflffl
482 2762 548 2817 '¹5¹¹ss
565 2770 667 2817 ‘inille
681 2760 862 2817 illeilliblffll·
874 2760 951 2827 Quod
968 2756 997 2816 '⁸5
1020 2762 1074 2817 s01'·
1125 2776 1260 2847 Lt'trtbttrg,
1281 2776 1368 2830 ceratiti
1382 2774 1542 2839 llellnmiite,
1556 2771 1643 2826 conniti
1665 2770 1697 2823 ris
1711 2768 1763 2824 Seu
1784 2776 1809 2821 et
1831 2766 1907 2837 [ruiti

290 2854 523 2910 ⁸²⁰00¹¹¹i³iil¹i⁰
544 2861 752 2921 lliae⁵¹¹¹¹¹⁰i0¹¹h
769 2861 925 2907 ⁰⁰⁸0⁰¹¹¹l³
942 2867 1073 2922 ‘iiim‘
1124 2862 1536 2938 ejuecoutitidctlore,consiti
1564 2859 1735 2923 tleliostodc‚
1762 2856 1851 2911 comiti
1876 2855 1908 2907 tle

1124 1220 1222 1291 siquid
1237 1218 1330 1274 ausilii
1343 1234 1374 1274 ac
1391 1218 1491 1273 laseris
1506 1217 1529 1270 ei
1543 1215 1673 1271 hacteuus
1684 1225 1726 1271 est
1742 1216 1906 1288 impensum,

1124 1308 1158 1366 de
1173 1320 1272 1366 caetero
1294 1324 1375 1381 grave
1387 1308 1464 1363 nobis
1477 1308 1606 1362 existeret
1620 1315 1648 1361 et
1662 1306 1832 1363 molestumsl
1847 1308 1908 1378 qttis

1123 1402 1204 1471 seipsi
1216 1402 1327 1456 dttceret
1339 1398 1539 1469 apportandum,
1567 1413 1629 1453 cum
1659 1397 1762 1467 imperii
1792 1399 1908 1453 liontaoi

1124 1494 1241 1549 nolimus
1252 1493 1365 1548 ulterius
1381 1492 1515 1547 sttstinere
1527 1490 1673 1560 jacturam,
1687 1488 1760 1557 cuius
1773 1490 1798 1544 ei
1812 1490 1908 1561 dispo-

1124 1583 1357 1641 suitmtseoulerre
1371 1596 1508 1639 eoronam.

1490 1950 1545 2006 xe.

290 2945 380 3003 stolici
397 2944 493 3000 latore
521 2943 633 2998 subsidit
647 2941 900 3013 magdeburgensem
926 2944 1108 3038 EcclesiamC
1126 2959 1221 3028 guyn„
1235 2958 1323 3012 compr
1348 2956 1379 3008 ng
1399 2952 1557 3021 gaggan-91„
1581 2951 1669 3003 comus
1684 2950 1715 3002 ue
1735 2945 1907 3013 gersemane,

286 3039 457 3112 immistus·
474 3036 613 3090 M0¹¹⁰¹¹¹¹¹⁵
631 3035 713 3103 iiiiii
737 3033 934 3089 fraternitatem
950 3045 1021 3089 tuam
1047 3045 1074 3092 ²²
1123 3050 1209 3106 conniti
1222 3048 1254 3102 dr
1265 3041 1472 3115 Tltcrcueborgit,
1488 3040 1575 3095 ceratiti
1588 3040 1620 3093 de
1635 3036 1761 3107 libaima,
1775 3035 1864 3089 comiti
1877 3034 1908 3087 tie

288 3130 466 3188 exhortamur
484 3126 613 3183 attentius
624 3135 650 3181 et
665 3140 713 3197 per
725 3125 870 3195 apostoliea
900 3126 946 3183 tihi
971 3127 1072 3198 scripta

288 3220 472 3294 precipiendo
488 3219 648 3274 mandamus
673 3229 808 3290 quatenus
828 3235 889 3274 cum
908 3235 957 3277 nes
976 3221 1072 3296 eidem

289 3313 417 3368 Ecclesiae
430 3311 521 3366 taliter
533 3311 797 3383 proritlerevelimns
807 3320 836 3366 ot
844 3311 877 3366 dc
888 3322 985 3366 caetero
995 3313 1072 3367 nohis

288 3402 428 3457 humiliter
439 3400 555 3466 delerat,
571 3408 598 3454 et
614 3401 710 3455 deuote
727 3402 814 3457 eidem
835 3403 890 3472 regi
906 3402 1022 3458 ildeliter
1045 3413 1072 3458 et

288 3502 445 3550 constanter
459 3494 607 3556 adhaereas,
623 3491 740 3562 regalem
753 3493 778 3547 ei
794 3491 1026 3550 honorificentiam
1043 3503 1073 3549 et

289 3588 459 3642 «levationem
474 3586 641 3654 impendens.
657 3585 783 3654 attogoto
795 3601 829 3641 ex
846 3601 956 3656 quonos
973 3588 1071 3642 eomiu

290 3693 379 3748 regent
395 3678 550 3748 recipimus,
566 3677 635 3730 sicut
648 3691 695 3744 per
709 3677 776 3730 alias
787 3677 834 3731 tibi
845 3679 951 3733 litteras
965 3678 1071 3749 plenius

288 3769 456 3834 intimamus,
477 3784 531 3823 nou
550 3782 690 3834 possemus
706 3769 731 3822 ei
747 3777 841 3824 eontra
858 3769 917 3825 illos
930 3772 974 3840 qui
989 3771 1070 3839 seipsi

287 3869 455 3930 ttptpouereot
486 3860 605 3913 iarttretn
632 3858 808 3926 apostolicum
833 3862 983 3930 denegare,
1017 3863 1072 3916 into

287 3964 448 4016 cogerentur
463 3948 489 4004 in
506 3963 553 4002 eos
569 3947 684 4018 rigorem
705 3949 916 4006 ecclesiasticum
932 3966 1068 4008 exercere.

325 4041 497 4105 batanaea.

323 4132 356 4190 in
370 4134 487 4186 euntdcot
502 4133 556 4202 scre
567 4133 673 4188 utorium
685 4135 860 4204 suffragancis
873 4136 940 4206 rins.
952 4135 986 4190 ln
997 4153 1072 4192 estm-

287 4227 346 4281 tlem
366 4223 534 4292 [erctnotium
547 4226 627 4278 nobili
646 4228 700 4279 aire
715 4225 930 4281 duriliernordo.
949 4227 982 4282 ln
997 4245 1071 4282 eum·

1122 3142 1261 3206 Eecrstou,
1277 3138 1313 3192 ito
1329 3137 1398 3208 gued
1422 3133 1563 3204 unicuique
1585 3130 1704 3185 seorsim.
1730 3126 1764 3182 ln
1789 3124 1906 3182 tnmrlctn

1122 3233 1227 3288 modum
1240 3230 1377 3285 comitibus
1389 3227 1417 3280 in
1434 3224 1551 3280 Saecula
1565 3223 1723 3277 constitutit.
1740 3219 1774 3274 ln
1789 3218 1909 3273 madens

1122 3322 1226 3376 modom
1238 3317 1374 3374 comitibus
1388 3316 1414 3369 itt
1431 3312 1610 3369 Breuestrirh.

1478 3401 1545 3456 libi.

1279 3511 1394 3554 nsautco
1408 3510 1500 3552 coutet
1515 3508 1648 3549 ructatus
1658 3507 1749 3547 uasat.

1157 3592 1280 3649 Gatulere
1290 3589 1372 3644 deltos
1385 3589 1412 3641 iu
1439 3587 1550 3640 Dotoiue
1562 3594 1591 3638 et
1615 3587 1640 3637 iu
1652 3579 1804 3636 actionibus
1829 3576 1911 3632 nohis

1122 3697 1263 3754 assurgere
1277 3680 1426 3752 gratiarum
1440 3675 1511 3746 qood
1528 3677 1551 3731 is
1564 3674 1641 3742 cttjus
1661 3671 1770 3742 imperii
1787 3687 1842 3726 noo
1868 3679 1910 3724 est

1122 3776 1193 3840 heis,
1211 3788 1259 3843 per
1282 3785 1341 3836 nos,
1357 3769 1420 3823 licet
1445 3767 1568 3838 indignos
1590 3766 1705 3820 sicarios
1730 3778 1802 3826 suos,
1826 3775 1909 3832 genus

1123 3871 1196 3915 tuum
1210 3859 1331 3914 exaltare
1339 3855 1481 3923 disposuit,
1493 3863 1520 3908 et
1534 3855 1566 3907 tie
1579 3851 1667 3906 lroeto
1680 3851 1783 3905 uentris
1797 3848 1909 3903 illustris

1122 3950 1259 4006 memoriae
1280 3947 1386 4001 llettrici
1418 3944 1495 3999 ducis
1512 3942 1638 3997 Sasonim
1662 3942 1750 4011 patris
1771 3941 1808 3993 tui
1829 3953 1909 4008 super

1121 4043 1212 4096 sedero
1238 4037 1342 4108 imperii
1370 4035 1501 4092 stabilire.
1529 4033 1665 4100 Quaestum
1697 4043 1789 4086 autem
1821 4030 1846 4084 iti
1875 4031 1908 4082 ad

1120 4132 1233 4203 gloriam
1250 4131 1289 4184 tui
1309 4128 1425 4184 nontiois
1462 4133 1565 4195 spectet
1592 4132 1620 4179 et
1647 4124 1761 4179 honoris
1786 4121 1825 4175 tui
1849 4133 1911 4188 per-

1123 4225 1206 4280 tineat
1228 4223 1425 4278 incrementum
1454 4219 1521 4274 satis
1554 4215 1681 4284 intelligit
1702 4224 1746 4268 tua
1783 4211 1911 4266 nobilitas

288 4318 347 4370 nera
358 4316 464 4369 aradum
478 4315 574 4385 adulfo
589 4318 679 4370 comiti
695 4317 728 4372 tic
741 4317 898 4372 lovenbure.
911 4316 1173 4389 inettmdemllper
1185 4317 1312 4386 seipsam,
1351 4328 1413 4368 com
1446 4317 1557 4379 excepte
1588 4307 1698 4364 nomine
1728 4302 1911 4373 imperatoriae

288 4403 394 4458 niodum
407 4404 468 4458 duci
477 4403 609 4460 Boeotio.

620 4495 738 4552 xxxtx.

482 4605 637 4647 cotonteust
652 4591 866 4647 anchrsntscoeo.

322 4681 446 4738 Gaudere
458 4681 538 4736 debes
550 4684 576 4734 in
592 4680 704 4735 homino
715 4689 742 4735 et
757 4681 835 4734 nohis
845 4689 873 4735 et
881 4678 1006 4736 Ecclesiae
1016 4680 1071 4734 lio·

286 4788 374 4829 mattae
387 4772 414 4826 io
431 4771 581 4826 actionibus
591 4785 733 4841 assurgere
747 4770 894 4840 gratiarum
908 4773 979 4840 qttod
993 4784 1067 4824 tuum

286 4874 315 4920 et
338 4862 509 4919 Colottiertsis
533 4861 660 4914 Ecclesim
681 4861 813 4930 judicium
839 4863 1069 4926 construendorum,

289 4953 433 5023 reprobare
446 4952 517 5020 quod
533 4950 697 5019 reprobastis
709 4960 735 5005 et
748 4952 819 5019 tgttotl
831 4951 1001 5020 approbastis
1019 4967 1069 5003 cu·

286 5043 407 5098 ravimus
422 5039 582 5110 approhare.
600 5039 668 5093 Eece
685 5040 785 5093 etenira
817 5055 878 5094 eunt
904 5040 1007 5094 tittohos
1031 5039 1070 5092 la-

287 5150 350 5189 sere
362 5136 394 5188 ad
405 5133 579 5187 obtinentium
593 5131 734 5200 impet-iuro
746 5146 797 5185 uon
812 5131 956 5198 possittuts,
970 5138 997 5182 ot
1007 5146 1069 5183 cum

196 5236 201 5257 ¹·
286 5241 340 5279 natu
357 5233 411 5278 taut
423 5239 546 5293 personne
560 5225 585 5276 itt
603 5223 713 5290 irnperio
726 5237 806 5290 ettam
827 5221 941 5289 irnperio
958 5221 985 5273 iu
1009 5235 1070 5289 per-

285 5329 351 5367 sona
367 5316 463 5368 deceat
477 5315 623 5381 provideri,
643 5315 730 5380 sitque
761 5311 923 5378 reputandus
948 5311 981 5363 asi
1019 5311 1070 5363 hae

286 5403 393 5472 dignior
408 5403 452 5472 qui
473 5403 560 5472 stragis
573 5403 687 5456 idoneus
702 5402 846 5468 reperitur,
864 5414 977 5466 persona
993 5397 1070 5452 nohi-

243 5459 260 5539 't
283 5495 317 5548 iis
334 5494 382 5546 stri
400 5493 514 5562 Philippi
528 5494 604 5547 thtcis
618 5493 724 5546 Streniae
738 5502 849 5560 propter
877 5489 1068 5552 iutttedittteota

219 5601 265 5673 gut..
284 5586 404 5655 patentia
417 5585 570 5654 reprobata,
589 5584 776 5640 citatissimum
804 5583 831 5635 itt
852 5579 959 5634 Christo
985 5580 1068 5633 lilium

223 5669 256 5758 d

1123 4409 1272 4481 dignitatis,
1288 4415 1385 4462 caetera
1400 4405 1448 4459 tihi
1461 4413 1488 4459 et
1500 4402 1662 4458 charissime
1683 4399 1709 4452 itt
1724 4396 1835 4452 Christe
1853 4395 1912 4448 hilo

1123 4511 1216 4557 uestro
1230 4497 1327 4555 illustri
1340 4497 1393 4568 regi
1420 4494 1522 4559 Oetaei,
1541 4495 1567 4547 itt
1585 4493 1769 4546 homanorum
1793 4488 1912 4555 itttpera-

1123 4605 1207 4647 torem
1232 4591 1327 4654 eleeto,
1346 4603 1425 4657 quem
1446 4601 1495 4642 nos
1517 4587 1543 4638 in
1566 4598 1655 4652 regem
1679 4579 1855 4648 recepimus,
1883 4585 1911 4628 et

1123 4676 1239 4746 regalem
1262 4676 1285 4729 ei
1311 4673 1482 4744 precipimus
1507 4669 1742 4724 honorificentiam
1766 4663 1910 4726 exhiberi,

1122 4766 1276 4824 communia
1294 4766 1349 4820 siut
1371 4764 1473 4819 lutura.
1497 4763 1564 4816 Cum
1590 4761 1671 4829 igiter
1692 4758 1831 4826 negotium
1852 4754 1912 4823 eius

1122 4861 1229 4930 proprie
1241 4859 1379 4928 proprium
1396 4857 1495 4910 debeas
1506 4861 1644 4922 reputare,
1654 4850 1824 4905 nobilitatem
1836 4858 1911 4902 toant

1123 4961 1263 5002 tttonetous
1274 4955 1301 4998 et
1311 4947 1487 4998 exhortamur
1500 4943 1525 4996 itt
1539 4941 1652 4996 Domine
1664 4949 1690 4994 et
1698 4954 1747 5006 per
1759 4938 1911 5008 apostolica

1123 5039 1169 5092 tihi
1179 5039 1278 5106 scripta
1292 5035 1450 5090 mandamus
1461 5043 1595 5102 guatetuts
1606 5032 1639 5084 ad
1652 5033 1784 5086 honorem
1799 5027 1912 5084 etexal-

1123 5130 1251 5182 tationcot
1267 5127 1337 5196 ejus.
1352 5126 1407 5179 iuto
1425 5134 1497 5178 tuam
1515 5124 1540 5177 io
1554 5137 1597 5184 oo,
1615 5122 1731 5175 uiriliter
1742 5132 1770 5176 et
1782 5129 1912 5190 potenter

1122 5217 1246 5271 intendas
1259 5225 1286 5270 et
1301 5217 1336 5268 ita
1351 5217 1547 5283 protectionem
1558 5211 1617 5278 ejus
1635 5210 1745 5264 studeas
1759 5225 1913 5279 procurare

1121 5307 1191 5377 ettad
1211 5307 1280 5362 idem
1305 5321 1353 5360 rex
1373 5315 1498 5374 expertas
1513 5303 1539 5356 in
1566 5311 1590 5356 te
1611 5301 1739 5354 fraternae
1756 5300 1911 5354 deuotionis

1122 5399 1260 5466 affectum,
1275 5399 1387 5454 fratrem
1401 5413 1430 5452 se
1442 5397 1488 5450 tihi
1506 5395 1604 5449 debeat
1624 5395 1650 5447 itt
1665 5393 1794 5448 otonibus
1808 5393 1836 5445 in
1849 5391 1911 5459 goi·

1121 5493 1171 5545 hus
1185 5507 1243 5545 cont
1263 5505 1295 5544 oo
1312 5489 1439 5542 Dominus
1452 5485 1664 5540 misericordiam
1680 5483 1744 5537 lecit
1764 5483 1908 5538 exhihere.

1122 5579 1193 5634 Sane
1218 5596 1277 5634 cnut
1301 5578 1442 5642 ltacteuus,
1465 5577 1525 5630 dum
1541 5573 1627 5628 atlltuc
1643 5573 1742 5644 negotii
1765 5572 1909 5642 rjtrsesser
