4109 6325
300 5347 306 5409 i

308 319 358 378 iil

757 313 954 373 tuuocuttttt
971 313 1004 368 111
1023 313 1076 368 PP.
1097 311 1332 370 neusstotttttt
1353 309 1419 365 [dii.
1441 305 1508 364 xiv.

1882 311 1936 366 il!

306 448 449 493 censensus
472 431 684 490 ecclesiasticam
709 445 795 502 usqm
821 432 856 488 ad
877 430 1094 490 satisfactionem
1109 435 1133 492 Α
1147 419 1585 490 tramiteuoudiscordautctlcctu
1597 429 1779 490 prosequente
1789 425 1936 494 contptun,

306 515 468 598 cotrdiqnam
481 525 599 580 tirmiter
611 524 761 580 observari.

343 620 450 685 Daturu,
464 628 492 672 st
507 617 610 676 isoiia.

639 726 770 784 ffliil.

649 835 757 876 etsusrt.

602 913 687 988 Super
698 915 800 971 eodm.

341 1023 409 1081 Cum
427 1027 691 1096 exspectaverimus,
709 1035 763 1082 etc.
784 1041 866 1096 usqae
882 1022 1054 1080 manifestam
1070 1031 1098 1080 et

306 1130 358 1171 nos
370 1116 530 1171 mandemus
543 1117 666 1172 eamdem
679 1116 840 1173 senteutiam
859 1130 944 1188 usqne
965 1117 999 1170 ad
1018 1115 1099 1172 satis·

308 1203 455 1262 lectionem
477 1207 637 1278 condignam
659 1206 840 1278 appellatione
858 1217 961 1263 remota
980 1207 1098 1262 tirmiter

306 1298 456 1366 observari,
474 1298 636 1355 fraternitati
656 1309 754 1356 vestrae
772 1315 822 1371 per
833 1301 980 1372 apostolica
995 1300 1098 1370 scripta

308 1389 488 1460 praecipiendo
510 1392 668 1448 mandamus
697 1402 831 1464 quatenus
854 1393 888 1449 ad
911 1393 1097 1465 recuperanda

307 1493 397 1538 castra
413 1493 440 1537 et
452 1482 520 1538 alias
534 1485 723 1554 possessiones
735 1495 763 1540 ct
782 1492 870 1543 terras
883 1502 943 1557 quae
956 1489 991 1543 ab
1007 1486 1097 1544 occie-

307 1571 356 1628 stis
367 1573 464 1630 vestris
478 1581 550 1630 tenet
564 1575 698 1632 insistatis
712 1577 829 1634 rtrtttter
842 1588 870 1634 et
884 1579 1043 1648 prudenter.

630 1685 771 1743 iiixviii.

555 1792 705 1835 ttttutttust
722 1795 859 1838 sermono.

600 1869 687 1941 Super
704 1873 803 1930 eodem.

554 1960 674 2032 (Datum,
688 1973 716 2016 at
731 1964 758 2018 ia
770 1964 848 2036 alim)

342 2049 410 2106 Curru
436 2055 685 2123 exspectaverimus
713 2057 846 2114 hacteuus
873 2068 904 2114 ut
930 2059 1028 2115 nobilis
1056 2061 1099 2117 vir

308 2142 342 2197 tt.
356 2142 508 2200 'tolosanus
517 2161 619 2214 comes,
637 2158 765 2218 tanquam
778 2151 862 2206 arbor
876 2151 1027 2222 fructifera,
1043 2163 1095 2210 etc.

307 2233 335 2288 iu
349 2234 467 2289 eumdem
479 2237 533 2305 fere
548 2238 654 2293 neodem
669 2249 697 2293 at
710 2241 738 2295 iu
750 2240 805 2297 olio
823 2243 942 2312 usquein
954 2243 1044 2313 fiarent.

343 2322 452 2392 ilatum,
468 2336 496 2380 nt
511 2327 539 2383 in
553 2327 608 2385 ulio
622 2347 669 2400 per
681 2341 775 2386 totum.

638 2443 761 2500 xxttx.

309 2545 431 2590 ttrtesust
452 2549 578 2593 sermono
602 2551 638 2592 sr
659 2551 756 2592 assant
777 2551 959 2594 ctsreucrsnst
985 2554 1099 2597 anosro·

552 2641 620 2681 stes
640 2641 714 2682 scats
732 2640 854 2683 secares.

468 2713 512 2770 Ne
525 2715 642 2771 trudelito
657 2718 768 2788 pedopr'a
786 2719 937 2787 exiperetur.

559 2805 678 2877 (ilatum,
694 2817 720 2861 ut
734 2808 762 2862 a'n
774 2807 852 2880 ulia.)

345 2893 414 2951 Cum
437 2894 465 2950 in
483 2895 588 2954 nobiles
605 2899 679 2954 viros
694 2899 821 2955 corraitcm
843 2899 1086 2958 Fulcalcariensesr

310 2983 343 3045 G.
359 2986 497 3053 ddemari,
520 2985 695 3044 Lamberturn
720 2991 753 3046 de
775 2987 906 3058 ilentitto,
925 2993 1051 3048 durrainos
1073 3002 1100 3049 et

310 3081 436 3137 ‹luminas
448 3080 538 3138 Castri
552 3080 619 3139 Noti
634 3093 662 3139 et
681 3085 802 3150 Dozarae,
819 3085 932 3141 Sittium
948 3087 982 3142 de
998 3085 1098 3152 Crista,

309 3173 427 3229 ttastsm
441 3176 474 3230 de
485 3174 569 3241 iteca,
580 3178 752 3248 praepositum
765 3178 995 3245 valentinensem,
1006 3179 1097 3235 Arteri-

309 3265 374 3319 dum
402 3266 436 3321 de
460 3265 631 3332 ttussntnn...
662 3268 776 3325 tratrem
798 3270 893 3341 ipsius,
918 3283 945 3327 et
964 3274 1097 3344 quostiam

309 3356 389 3423 alios,
403 3366 517 3427 propter
529 3358 653 3429 pedagia,
665 3361 822 3416 exactiones
834 3360 977 3427 indebitas,
991 3374 1018 3418 et
1030 3364 1098 3419 alias

310 3446 469 3517 iniquitates
494 3464 563 3519 quas
586 3449 613 3506 in
642 3452 736 3507 stratis
757 3453 872 3521 publicis
897 3463 924 3510 et
942 3453 1099 3513 ilttmiuilnrs

309 3541 482 3597 rorumittere
498 3558 551 3597 non
568 3549 705 3610 verentur,
724 3559 740 3599 a
765 3553 802 3611 te,
822 3545 857 3600 ltli
874 3546 967 3615 stabas,
981 3548 1015 3603 de
1033 3548 1099 3602 ratul-

310 3639 400 3689 torum
411 3633 582 3703 praelatorum
598 3637 711 3691 consitio
724 3639 857 3692 sententia
873 3638 954 3693 luerit
973 3641 1095 3709 protrud-

308 3736 382 3795 pata,
394 3724 550 3783 discretioni
564 3739 661 3784 vestrm
678 3745 727 3800 por
741 3731 889 3800 apostoliea
907 3732 1006 3801 scripta
1020 3748 1098 3787 naara-

309 3817 406 3874 damus
424 3828 557 3889 qanttenus
572 3821 695 3877 eamdem
717 3822 880 3877 senteutiam
902 3824 1100 3879 rationabiliter

309 3904 394 3961 laetate
417 3908 523 3965 lat-latis
546 3911 728 3982 appellatione
754 3926 857 3968 rentota
882 3928 931 3985 per
954 3932 1098 3973 censuram

311 3998 527 4057 ecelesiasticam
548 4004 686 4074 usquead
708 4006 920 4064 satisiactionetu
935 4010 1098 4079 condignam

311 4090 428 4149 tirmiter
439 4091 589 4148 observari.

346 4177 454 4249 ilatum,
467 4191 496 4235 att
508 4182 536 4239 t'u
551 4183 616 4240 olio.

674 4279 729 4336 tit..

651 4384 758 4427 sesnes.

425 4454 465 4512 Dc
477 4458 606 4516 metentis
620 4460 675 4516 loto
698 4475 791 4518 toturn
805 4463 983 4521 Ronceiiuum.

506 4549 657 4618 (Laterani,
674 4567 729 4605 svn
743 4552 803 4606 ttat.
820 4552 906 4625 ttatt)

346 4636 415 4695 Crem
430 4640 457 4696 iu
485 4641 662 4697 iloncellnum
688 4654 840 4714 apostatam
866 4656 895 4701 et
911 4646 1053 4715 periuram
1076 4654 1104 4701 ct

312 4733 387 4788 eires
397 4732 589 4799 Mssilienses,
601 4750 651 4805 pro
662 4750 695 4792 eo
709 4737 781 4807 quod
793 4738 817 4792 ei
831 4736 959 4793 oscitant
970 4746 999 4791 et
1010 4737 1104 4793 tavent

313 4825 341 4881 lu
352 4826 411 4881 suis
420 4822 855 4899 abentiuationibusmanilcste,a
866 4832 943 4888 uobis
955 4832 989 4887 de
1001 4830 1104 4889 mutto·

313 4931 373 4971 rom
391 4920 563 4989 praelatorum
582 4923 708 4990 consilio,
732 4932 785 4981 etc.
802 4931 831 4977 ut
850 4924 878 4979 ιἰι
901 4922 956 4977 elio
976 4938 1059 4994 esque
1075 4923 1104 4978 ia

311 5005 400 5080 sun.

349 5102 446 5157 ilatum
461 5101 599 5175 laterani,
613 5123 667 5162 stu
688 5107 748 5163 ilai.
761 5108 838 5174 itali,
860 5126 933 5166 anno
957 5110 1104 5181 quartode-

313 5194 397 5251 eiuro.

673 5293 741 5350 xtt.

468 5396 600 5439 carrecto
619 5400 752 5441 secessus
773 5401 948 5442 rosanensis.

478 5474 677 5544 Consternantur
691 5481 729 5532 ela
742 5478 841 5547 repulia
855 5479 935 5531 done.

509 5563 663 5632 (Laterani,
680 5583 729 5620 ιιιι
747 5567 804 5621 ilai.
821 5566 907 5637 itali.)

349 5649 434 5707 iustis
449 5656 597 5723 petentium
620 5657 762 5713 desideriis
783 5660 893 5729 diguum
915 5669 957 5716 cst
974 5675 1022 5715 nos
1039 5658 1104 5714 laci-

316 5737 369 5795 icnr
395 5743 518 5809 praebere
546 5761 718 5815 currsensuur,
744 5760 773 5805 et
797 5758 856 5805 tuta
879 5767 939 5821 quae
959 5750 1104 5807 arationis

1149 522 1319 592 Eaproptor,
1344 518 1434 576 dilcett
1462 517 1488 571 iu
1515 515 1628 571 uentae
1652 513 1719 581 tilii,
1742 516 1842 572 restris
1857 516 1939 584 itastis

1149 612 1377 684 posttriatiouiium
1394 609 1532 674 inclinati,
1555 607 1654 678 regalia
1676 608 1752 664 tultis
1767 609 1802 665 ab
1819 607 1938 680 irnpera-

1149 703 1254 758 toribus
1269 709 1296 756 et
1313 699 1373 755 aliis
1388 697 1556 770 principibus
1569 695 1756 762 saecularibus,
1781 697 1808 754 iu
1826 698 1884 754 turn
1898 702 1940 754 vi·

1149 794 1247 850 delicet
1264 801 1292 848 et
1303 794 1331 848 in
1347 791 1486 856 nundinis,
1500 803 1551 846 neo
1569 804 1623 845 arou
1642 797 1670 842 et
1687 791 1802 844 transitu
1822 790 1940 849 iiumiuis

1147 883 1238 950 isare,
1251 883 1294 954 pia
1307 883 1384 938 nohis
1397 880 1541 938 devotione
1552 880 1772 948 coracessa,sicut
1782 889 1810 938 et
1824 896 1854 938 ea
1865 882 1939 953 juste

1148 993 1180 1033 ac
1198 977 1309 1048 paeiiice
1328 975 1489 1048 possidetis,
1515 973 1592 1030 tobis
1616 984 1643 1030 et
1666 989 1715 1045 per
1742 989 1789 1030 ros
1813 974 1939 1032 Ecclesiae

1149 1081 1246 1128 restrae
1268 1069 1428 1127 aemunitate
1451 1069 1598 1140 apostolica
1619 1067 1814 1124 eontirmamus
1832 1076 1859 1122 et
1874 1081 1938 1138 prae·

1148 1163 1234 1220 seratis
1243 1161 1337 1233 scripti
1347 1161 1497 1232 patrocinio
1505 1159 1715 1218 communimus.
1724 1158 1877 1230 Nullicrgo,
1885 1169 1937 1214 etc.

1148 1255 1374 1319 eottssrrnatiunis,
1389 1264 1443 1310 ete.
1456 1269 1537 1325 nque
1551 1253 1735 1310 incursurum.

1145 1363 1154 1382 ·
1184 1345 1281 1402 ilatum
1295 1346 1434 1412 Laterani,
1448 1361 1496 1404 stu
1511 1345 1571 1402 Kal.
1584 1345 1658 1412 iiaii,
1667 1344 1842 1416 pontiiieattts
1854 1343 1938 1400 nostri

1149 1453 1221 1494 anno
1236 1439 1450 1507 quartodecimo.

1506 1545 1582 1602 ttttt.

1488 1651 1598 1693 ersuetr.

1327 1727 1526 1798 confirmentur
1542 1741 1632 1782 eorum
1652 1731 1762 1780 statuta.

1396 1818 1504 1888 (ilatum
1520 1825 1550 1871 ut
1569 1816 1596 1872 iu
1612 1815 1689 1886 alia.)

1184 1910 1261 1968 Solet
1273 1923 1393 1966 annuere
1408 1911 1487 1966 sedes
1504 1906 1651 1978 apostolica
1674 1905 1726 1976 piis
1746 1905 1826 1965 rotis.
1848 1913 1877 1960 ct
1892 1904 1940 1960 lao-

1148 2004 1234 2062 nestis
1254 2001 1403 2074 petentium
1424 2001 1550 2072 precibus
1569 1998 1690 2054 latorem
1711 1996 1872 2054 benevolum
1888 1997 1938 2050 im·

1149 2097 1253 2169 pertiri.
1278 2095 1437 2164 Eapropter,
1467 2093 1558 2148 dilecti
1584 2092 1612 2147 iu
1633 2089 1748 2146 Domino
1767 2087 1826 2152 tttt,
1845 2087 1942 2144 restds

1146 2185 1228 2256 justis
1243 2183 1369 2256 precibus
1384 2182 1517 2245 inclinati,
1533 2180 1683 2238 laudabiles
1695 2189 1722 2235 et
1733 2179 1862 2234 honestas
1875 2192 1941 2233 con·

1149 2277 1309 2334 suetudtnes
1322 2289 1354 2331 ac
1369 2283 1543 2342 statutaque
1558 2272 1591 2328 ad
1611 2271 1739 2328 Ecclesiae
1755 2279 1852 2324 restrae
1871 2267 1942 2323 utili·

1150 2375 1233 2422 tatem
1255 2366 1366 2438 provide
1385 2365 1456 2420 laeta
1471 2379 1533 2422 esse
1548 2373 1707 2427 nosrtrntur,
1725 2361 1796 2416 slent
1811 2360 1942 2414 hacteuus

1149 2460 1261 2530 pacitice
1279 2468 1342 2516 sunt
1359 2457 1480 2522 obtenta,
1505 2465 1532 2512 ct
1556 2454 1583 2510 in
1608 2453 1772 2510 actitenticis
1793 2467 1877 2522 super
1901 2453 1943 2506 tris

1149 2551 1281 2607 cortice-tis
1295 2550 1401 2620 plenius
1421 2551 1593 2610 continetur,
1609 2547 1771 2603 atteteritate
1793 2543 1940 2615 apostolica

1151 2642 1342 2698 contin-ruamus
1364 2653 1393 2697 et
1417 2642 1558 2712 praesentis
1581 2639 1674 2710 scripti
1697 2637 1849 2709 patrocinio
1867 2651 1944 2691 curn·

1150 2735 1297 2792 utunirrsus.
1315 2733 1382 2788 Nulli
1397 2748 1473 2804 erga,
1488 2744 1542 2788 etc.
1556 2749 1637 2804 usqae
1650 2734 1832 2788 lncttrsuratn.

1186 2825 1284 2882 ilatum
1296 2833 1329 2880 ut
1341 2824 1368 2880 in
1385 2823 1438 2879 alia
1450 2838 1499 2893 per
1514 2831 1610 2880 totum.

1501 2954 1594 3011 xtttt.

1363 3064 1507 3106 eneznrust
1528 3061 1741 3104 anctttsrtscuro.

1312 3163 1351 3218 De
1366 3163 1565 3231 confirmatione
1578 3160 1782 3233 priuileqt'orant.

1362 3252 1511 3322 (Laterani,
1526 3268 1554 3309 xt
1571 3250 1630 3307 ttat.
1643 3250 1730 3321 stati.)

1187 3368 1255 3424 Cum
1277 3366 1349 3423 illius
1374 3366 1473 3433 locum,
1498 3366 1563 3422 iicet
1591 3364 1732 3431 iratrrteriti,
1755 3371 1897 3419 teneamus
1919 3361 1948 3415 in
2038 3352 2039 3355 ’

1154 3458 1235 3515 terris
1248 3459 1294 3528 qui
1307 3470 1431 3515 sanetum
1446 3457 1596 3514 Ecclesiam
1609 3470 1735 3527 sponsant
1748 3468 1824 3511 snam
1839 3453 1948 3521 absque
2038 3464 2039 3529 j

1154 3549 1260 3605 macula
1276 3560 1302 3607 et
1315 3566 1379 3621 ruga
1393 3561 1547 3613 conservat,
1558 3550 1600 3604 itis
1613 3564 1664 3603 uos
1674 3547 1802 3603 contenit
1814 3560 1848 3601 cx
1864 3544 1949 3601 cilicii
2038 3532 2039 3609 t

1153 3642 1236 3697 nostri
1255 3642 1346 3697 riebito
1373 3642 1454 3697 robur
1473 3641 1653 3713 apostolicum
1671 3639 1805 3712 isuper-tiri
1827 3654 1892 3707 quae
1914 3639 1949 3691 ad

1153 3739 1251 3786 statum
1266 3731 1350 3801 ipsius
1362 3731 1535 3809 pertinenter
1547 3730 1675 3799 quietem,
1691 3740 1719 3785 et
1734 3730 1767 3784 ad
1789 3742 1944 3785 conseres·
2038 3716 2039 3793 ᾗ

1155 3824 1253 3879 tionem
1269 3822 1461 3878 ecclesiastice
1487 3822 1630 3877 libertatis.
1654 3822 1722 3878 Carta
1748 3822 1829 3891 igitur
1853 3820 1949 3877 dilecti

1154 3916 1200 3970 tilii
1225 3916 1327 3971 trobilos
1345 3915 1395 3969 viri
1419 3915 1521 3981 Lesco,
1538 3915 1688 3977 Contrarias,
1712 3923 1738 3969 ct
1761 3910 1951 3968 Waldislsrus

1154 4008 1284 4072 Otldunis,
1299 4009 1381 4063 duces
1395 4006 1523 4075 Pttluuiae,
1541 4008 1588 4062 tibi
1606 4017 1633 4062 et
1655 4006 1836 4076 suffraganeis
1852 4006 1952 4062 Eccle-

1153 4100 1271 4154 simtuae
1291 4114 1412 4153 necnon
1433 4107 1461 4153 et
1486 4099 1688 4155 suecessoribus
1714 4099 1813 4153 vestris
1835 4098 1953 4168 priuile-

1153 4191 1226 4262 gium
1239 4205 1320 4260 super
1334 4190 1519 4247 ecelesiastica
1542 4191 1665 4245 libertate
1684 4189 1727 4259 pia
1746 4189 1896 4245 devotione
1916 4189 1951 4245 ad

1155 4290 1256 4336 statum
1281 4280 1399 4337 debiturn
1426 4283 1579 4339 renouando
1601 4282 1799 4347 concesserint,
1821 4294 1874 4335 nos
1897 4280 1953 4335 tuis

1155 4372 1278 4443 precibus
1293 4372 1412 4427 inclinati
1422 4413 1429 4435 ,
1441 4374 1647 4431 concessionem
1661 4373 1796 4443 ipsorum,
1815 4370 1890 4427 sicut
1907 4371 1952 4441 quie
2037 4434 2038 4449 ἦ

1114 4462 1183 4519 Dae
1204 4464 1317 4532 procide
1340 4463 1411 4520 taeta
1436 4473 1488 4529 est,
1505 4478 1537 4519 ac
1554 4465 1580 4518 iu
1598 4463 1762 4519 autlteuticis
1779 4462 1952 4529 cotttinetur,

1154 4560 1317 4616 auctoritate
1346 4558 1494 4629 apostoliea
1528 4560 1723 4615 continuamus
1747 4568 1775 4613 et
1803 4558 1954 4628 praesentis

1154 4650 1245 4720 scripti
1262 4650 1413 4719 patrocinio
1428 4652 1636 4706 conmaculatus.
1648 4650 1717 4718 Quia
1732 4664 1796 4704 reno
1810 4650 1838 4703 iu
1850 4648 1953 4703 eadent

1154 4740 1293 4811 privilegiu
1304 4748 1345 4795 est
1359 4756 1518 4811 expressum
1532 4752 1561 4795 ut
1583 4742 1605 4797 si
1627 4757 1723 4797 aurum
1743 4739 1785 4795 rel
1801 4749 1952 4811 argentum

1153 4830 1211 4886 site
1239 4832 1371 4900 pretiosas
1396 4842 1485 4887 testes
1512 4842 1558 4887 atrt
1582 4831 1729 4902 palafridos
1754 4831 1950 4887 decedentium

1154 4919 1341 4991 cpiscoporum
1358 4922 1505 4991 supradicti
1527 4922 1610 4976 «traces
1623 4921 1826 4987 interneciuum
1839 4921 1955 4989 episco-

1110 5012 1116 5094 ᾖ
1154 5025 1204 5081 pus
1218 5012 1365 5068 decesserit
1380 5014 1533 5076 intestatus,
1557 5012 1583 5067 in
1606 5027 1671 5069 usus
1691 5028 1754 5068 suus
1771 5013 1863 5065 ornrtia
1881 5026 1955 5063 cnu-

1154 5104 1382 5170 centumpedam
1403 5116 1490 5161 tanteu
1509 5106 1559 5160 huc
1574 5106 1660 5175 ipsunt
1675 5107 1715 5161 eis
1734 5122 1748 5159 a
1769 5106 1847 5161 anobis
1863 5104 1955 5161 interit

1154 5196 1197 5251 tel
1211 5212 1225 5251 a
1241 5195 1329 5268 legato
1348 5207 1442 5252 nostru
1462 5212 1632 5262 eoncessum,
1652 5196 1732 5252 dictis
1754 5197 1867 5251 tltteiltus
1883 5212 1956 5249 curt·

1170 5289 1268 5344 uiiutus
1282 5298 1308 5343 et
1331 5290 1490 5344 utattdanrus
1512 5299 1541 5343 ut
1564 5303 1734 5359 nequaquam
1755 5289 1781 5343 in
1802 5304 1865 5343 tastu
1884 5302 1957 5342 sues

1155 5382 1309 5450 supradicta
1322 5390 1491 5449 contrectant,
1509 5396 1571 5437 ertrn
1588 5382 1614 5437 id
1631 5382 1657 5436 in
1679 5396 1736 5436 satas
1756 5380 1850 5435 salutis
1865 5380 1956 5433 cede·

1156 5482 1196 5529 rct
1208 5474 1412 5540 detrltttentum,
1428 5480 1474 5530 scd
1490 5474 1617 5531 Ecclesia]
1628 5476 1673 5545 qui
1685 5474 1829 5530 destructus
1840 5472 1956 5539 episeo-

1155 5582 1204 5638 pus
1219 5566 1328 5636 prmluit
1348 5568 1392 5623 itta
1410 5568 1511 5623 saciatut
1530 5568 1701 5639 integraliter·
1714 5565 1856 5636 assignari.
1873 5562 1956 5617 Nulli
2035 5590 2036 5595 =

1155 5656 1235 5727 erqo,
1259 5670 1311 5715 etc.
1330 5660 1543 5717 entrlirnratiuuis
1564 5652 1595 5716 'et
1616 5660 1756 5731 jussionis,
1782 5666 1834 5714 ete.
1860 5668 1958 5726 usqtts
2035 5652 2036 5701 ἶ

1157 5753 1339 5808 incursurum.
