4109 6325
279 369 348 427 itu
724 362 920 423 iunocentii
939 366 972 423 lll
990 366 1043 423 PP.
1065 363 1301 425 ttedbstobtttt
1321 363 1382 422 ΗΒ.
1398 367 1469 425 ΣΝ.
1864 369 1920 426 ibo

280 497 346 553 esc,
361 483 596 556 uapuepetitnras.
610 480 662 549 Qui
681 483 915 556 lattttt'tlilerlegal't
936 482 1072 539 mandatis
1087 486 1110 542 A
1125 481 1309 550 nominantes,
1334 483 1445 540 casdem
1468 495 1483 536 a
1502 480 1567 538 sede
1592 481 1740 553 apostatica
1757 481 1919 554 postulastis

280 578 480 646 obtuoperaos,
494 582 558 638 etc,
568 580 708 644 pertatem
719 574 856 642 ntirrolio,
868 590 949 644 usgue
961 573 1069 644 permit·
1123 584 1154 630 ut
1170 589 1264 631 earum
1281 574 1371 646 aliqua
1388 575 1465 646 juxta
1479 583 1579 632 neure
1601 574 1750 632 solemnis
1770 577 1919 634 arbitrium

281 679 400 724 remmus
412 664 537 721 eumdem
558 672 612 718 ιιιιι
629 665 780 735 supradicti
799 665 880 736 legati
894 673 921 721 et
934 674 1073 736 metropo-
1122 665 1308 736 predcerctor
1319 666 1440 722 ecelesiae
1455 677 1622 724 memorate.
1633 669 1702 724 llum
1717 677 1810 725 nortem
1830 685 1920 742 nuper

279 759 356 820 litarti
372 771 404 812 ac
417 755 588 821 abbatissui,
601 765 725 827 ete.,per
738 765 820 811 toturn
835 756 1073 828 ministrumque
1124 755 1264 829 utriusque
1279 755 1364 826 partis
1376 757 1599 827 procuratoribus
1612 766 1724 827 propter
1749 760 1800 816 bno
1821 761 1855 816 sd
1874 775 1920 817 se·

279 853 307 907 io
321 847 489 905 vanitatibus
502 847 594 903 recidi
605 856 749 917 evagatus,
764 847 930 904 fraternitati
952 854 1007 903 tuac
1023 861 1073 917 per
1124 849 1185 902 dem
1200 848 1377 918 apostolicam
1392 849 1549 906 constitutis
1564 865 1645 922 snper
1658 851 1790 908 electione
1814 867 1848 910 ae
1866 864 1918 924 po·

279 939 427 1012 apostoliea
452 939 553 1010 scripta
577 941 740 997 mandamns
765 948 900 1010 quatenus
922 939 973 1009 ipsi
994 937 1072 1007 juxta
1124 939 1485 998 stolationibusmemoratis
1504 943 1710 1015 inquisissemus
1724 945 1831 1015 plenius
1844 947 1919 1003 reri·

279 1027 396 1090 lorm'am
412 1033 535 1090 eeclesiae
551 1033 713 1089 benedcinm
725 1033 905 1089 absolutionis
920 1033 1071 1101 impendas,
1124 1039 1221 1099 tutem,
1236 1031 1300 1090 lieet
1319 1049 1353 1090 ex
1364 1043 1442 1104 parte
1453 1043 1555 1102 restra,
1569 1035 1617 1093 dlii
1630 1037 1793 1108 capitulum,
1815 1053 1919 1110 propo-

278 1135 308 1182 et
325 1124 452 1196 injungas
472 1123 561 1178 eidem
580 1133 609 1178 ut
631 1121 766 1178 mandatis
791 1121 957 1177 uenerabilis
980 1120 1079 1178 fratris
1124 1121 1205 1178 situm
1220 1122 1302 1178 luerit
1315 1123 1385 1194 quod
1399 1125 1474 1196 prius
1487 1139 1568 1196 guam
1584 1135 1716 1182 statutum
1737 1128 1919 1198 apostolicum

279 1214 365 1270 nostri
379 1212 581 1269 Ebredunensls
608 1211 805 1282 archicpiscopi
820 1227 851 1267 ac
861 1210 996 1266 dictorum
1012 1210 1073 1267 Uti·
1125 1217 1205 1274 robis
1220 1225 1361 1272 usteneuur
1373 1227 1420 1273 aut
1443 1217 1533 1288 aliqua
1550 1218 1697 1290 probibitio
1721 1219 1807 1276 taeta·
1822 1220 1918 1286 luerit,

279 1305 370 1362 censis
384 1314 412 1360 et
429 1303 560 1360 accensis
573 1303 778 1374 episcoporum,
797 1303 897 1373 quibus
917 1317 1000 1372 snper
1021 1302 1073 1358 boe
1125 1317 1262 1367 tractatus
1289 1309 1400 1367 babitus
1422 1308 1511 1366 lucrat
1535 1321 1617 1380 super
1638 1311 1760 1381 predicti
1784 1311 1921 1369 electione

280 1399 422 1470 dirigimus
436 1399 538 1468 scripta
553 1408 665 1463 nostre,
681 1396 823 1454 humiliter
840 1404 936 1468 pareat
952 1412 1013 1467 que
1027 1410 1073 1450 su·
1125 1398 1232 1466 decani,
1246 1415 1307 1471 que
1320 1399 1439 1455 nondum
1453 1399 1595 1455 exstiterat
1602 1401 1823 1472 publicata,qeia
1837 1403 1920 1458 nubis

280 1508 331 1562 gaer
346 1492 484 1562 praedictis
495 1490 519 1546 ei
533 1489 661 1545 duxerint
676 1487 812 1544 iacienda.
1125 1492 1247 1547 constitit
1268 1491 1408 1548 euidenter
1434 1490 1594 1548 electionem
1619 1493 1704 1562 ipsam
1719 1508 1735 1549 ι
1752 1493 1840 1563 robis,
1870 1495 1919 1550 lilii

299 1586 433 1651 batum,
444 1592 472 1640 ut
486 1583 513 1638 in
525 1582 582 1637 elie
595 1598 642 1654 per
654 1590 747 1637 totum.
1126 1583 1283 1653 cupitorum,
1298 1593 1360 1654 post
1376 1590 1508 1639 statutum
1522 1584 1701 1654 apostolicum
1723 1585 1802 1643 robis
1825 1595 1920 1643 osuu-

626 1673 732 1732 xcvii.
1125 1689 1184 1730 sum
1199 1683 1228 1731 et
1239 1675 1447 1747 appellationem
1463 1677 1496 1733 ad
1512 1690 1562 1731 nos
1576 1675 1698 1747 legitime
1712 1675 1919 1748 interpositam,

260 1795 267 1803 ·
282 1782 413 1826 merrom
423 1781 531 1823 sartores
545 1779 647 1822 sorum
664 1764 751 1836 (idi),
764 1778 797 1820 tc
814 1777 954 1820 parrensis
966 1776 1074 1817 snesa-
1125 1767 1286 1836 quibusdam
1299 1769 1420 1825 exclusis
1433 1778 1516 1835 atque
1539 1767 1703 1838 conteorptis
1727 1767 1775 1838 qul
1789 1767 1923 1825 solebant

318 1877 361 1918 ιιι
373 1873 598 1916 conrenroserutt
619 1870 800 1914 successerunt
815 1867 1075 1914 cousrtnrntorott·
1089 1827 1111 1882 B
1125 1868 1153 1913 et
1163 1859 1297 1916 debebant
1310 1861 1413 1931 pariter
1424 1861 1567 1930 iratenens,
1584 1877 1674 1918 minus
1688 1861 1819 1919 canemus
1844 1863 1919 1918 cele·

299 1967 454 2010 ⁴rtunnuu.
1127 1950 1246 2018 brutam,
1272 1960 1302 2008 ut
1315 1953 1348 2009 dc
1362 1953 1470 2010 ceteris
1489 1969 1550 2025 que
1572 1962 1627 2009 tam
1656 1963 1753 2010 contra
1777 1953 1921 2011 electionis

350 2045 393 2103 Ile
406 2047 529 2104 electione
540 2045 700 2116 patrierelrc
709 2041 1007 2115 constantinopolitani.
1126 2056 1282 2113 processum
1294 2058 1375 2115 ortam
1389 2051 1483 2101 eontra
1495 2059 1641 2116 personam
1657 2043 1736 2101 electi
1760 2044 1837 2102 lucre
1855 2061 1922 2117 pro·

480 2139 630 2211 (Laterani,
655 2139 725 2196 Non.
741 2139 880 2208 dongasti.)
1125 2135 1212 2207 posita
1226 2143 1355 2202 taceatur,
1368 2147 1396 2194 ct
1407 2137 1439 2192 ad
1451 2137 1647 2208 postulationes
1655 2136 1809 2208 prelatura
1823 2139 1919 2206 robis,

299 2235 372 2290 secr
386 2234 492 2290 litteras
518 2239 636 2293 restrae,
663 2229 713 2286 blii
727 2229 847 2296 Prelati,
871 2236 966 2285 nostro
989 2239 1076 2297 rrrrper
1126 2226 1296 2298 dtiipretatt,
1313 2217 1463 2286 inconsulte
1480 2243 1649 2300 processum,
1670 2239 1725 2284 tatu
1744 2227 1818 2285 illam
1833 2243 1920 2299 qoam

283 2326 448 2400 apostolatui
465 2325 609 2383 reserastis
620 2324 695 2396 quod
708 2323 787 2380 bone
808 2321 948 2379 memorie
970 2319 1075 2375 Tltoma
1127 2315 1238 2372 istasde
1253 2315 1660 2375 iratrumuostrorumcottsilio
1676 2318 1804 2375 duximus
1827 2333 1922 2388 repro·

283 2419 359 2493 (ste)
372 2417 528 2489 patriarche
546 2413 849 2484 Constantinopolitano
870 2412 940 2483 apud
955 2410 1075 2466 Tbessa·
1126 2409 1242 2478 bandus,
1255 2410 1391 2468 devotioni
1402 2420 1499 2468 vestre
1513 2425 1561 2483 per
1572 2409 1718 2481 apostolica
1743 2411 1847 2482 scripta
1877 2412 1921 2466 di·

282 2513 399 2569 ionicam
415 2519 536 2567 extrema
549 2509 712 2580 egritudine
721 2506 872 2571 laborante,
883 2518 943 2572 ros,
956 2517 992 2559 ne
1001 2503 1075 2558 cirea
1127 2503 1220 2558 stricte
1234 2503 1417 2575 precipiendo
1429 2505 1589 2560 mandantes
1600 2513 1738 2574 quatenus
1755 2503 1829 2559 omni
1852 2501 1922 2558 ritic

282 2603 444 2678 patriarche
457 2600 642 2658 substituendi
661 2599 821 2657 electionem
850 2595 928 2652 robis
948 2594 1074 2668 prejudi-
1126 2594 1271 2652 simultatis
1283 2597 1404 2667 erplose,
1422 2607 1477 2652 tam
1491 2596 1639 2667 locoquam
1652 2596 1925 2653 rotoconrenicntee

283 2701 357 2756 cium
371 2697 634 2763 deretanetucntes,
651 2694 678 2748 in
693 2692 808 2749 ccclesia
822 2689 929 2748 Sancte
956 2689 1074 2760 Sopbie,
1126 2685 1154 2742 in
1170 2701 1263 2754 unuln,
1279 2696 1306 2744 et
1320 2689 1408 2746 saneti
1421 2686 1541 2759 Spiritus
1555 2687 1644 2760 gratia
1670 2687 1811 2754 invocata,
1837 2687 1922 2743 talem

283 2792 387 2848 decano
400 2797 428 2844 et
442 2785 583 2843 canonicis
609 2783 731 2856 ciusdem
760 2782 953 2854 presentibus,
974 2791 1076 2838 nostre
1126 2779 1204 2836 robis
1221 2794 1365 2850 personam
1379 2779 1486 2852 eligatis
1501 2780 1632 2836 cartoniec
1656 2779 1684 2836 in
1700 2789 1839 2849 pastorem
1857 2794 1924 2850 qun

285 2881 487 2947 mussitationis
502 2877 700 2943 autbenticum,
715 2876 786 2948 quod
800 2890 882 2947 snper
905 2877 993 2931 torma
1020 2876 1076 2932 elc-
1126 2871 1253 2938 scientia,
1268 2871 1322 2926 rita
1344 2880 1372 2926 ct
1389 2870 1461 2926 lanta
1485 2869 1657 2942 prepollens,
1685 2878 1762 2927 tanto
1785 2879 1926 2940 congruat

283 2973 427 3031 ctionisin
437 2967 740 3038 Constantinopolitana
767 2966 882 3023 ccclesia
905 2967 1077 3024 celebrande
1127 2964 1203 3020 oneri
1216 2973 1245 3019 et
1257 2964 1364 3030 lrortori,
1377 2974 1407 3020 ut
1421 2963 1518 3040 restris
1532 2963 1650 3033 parcatis
1674 2963 1813 3019 laboribus
1827 2972 1856 3018 et
1870 2977 1924 3018 ex·

286 3081 302 3120 a
327 3064 406 3122 nobis
431 3062 532 3136 dudum
554 3060 695 3117 obtentum
719 3057 821 3126 lueret,
842 3059 1007 3131 perlegistis,
1028 3061 1077 3116 sed
1126 3055 1227 3126 pensis,
1242 3064 1269 3112 et
1283 3055 1460 3128 apostolicum
1477 3055 1554 3112 robis
1570 3054 1690 3112 iarorcm
1704 3055 1801 3112 exhec
1825 3053 1926 3110 ualea-

284 3173 347 3214 cum
374 3164 485 3227 propter
505 3152 685 3223 quorumdam
708 3149 902 3209 canonicorom
923 3151 1111 3239 absentiamc
1128 3147 1162 3204 tis
1177 3147 1284 3219 plenius
1296 3161 1465 3219 comparare,
1479 3161 1528 3218 pro
1541 3155 1616 3203 ccrto
1631 3147 1749 3205 seientes
1761 3145 1826 3217 quia
1841 3145 1864 3201 si
1879 3144 1924 3201 sci
2031 3145 2032 3160 ¹

284 3257 389 3305 certum
403 3245 526 3315 recipere
540 3243 719 3315 nequiveritis
744 3251 807 3300 tunc
827 3259 1001 3315 responsum,
1024 3260 1074 3301 au·
1126 3256 1240 3312 persona
1256 3256 1308 3297 non
1320 3250 1394 3297 esset
1408 3240 1504 3297 idonea
1526 3240 1568 3297 rel
1587 3240 1676 3298 lorma
1701 3240 1847 3308 canonica,
1869 3256 1925 3297 nos
2030 3242 2031 3252 ¹

286 3334 574 3395 ctoritate-studuistis
596 3335 744 3405 apostolica
771 3335 915 3405 probibere
941 3350 975 3392 ne
994 3350 1076 3406 super
1125 3333 1923 3406 delectumrestrumatteteritatcapostolicasopplereurus.

283 3431 416 3489 electione
430 3430 589 3485 inuestrum
604 3427 790 3499 praeiudicium
804 3429 862 3484 sire
884 3437 979 3484 contra
1001 3442 1076 3484 man·
1162 3425 1258 3481 batum
1274 3425 1410 3493 Laterani,
1425 3424 1495 3482 Nou.
1514 3426 1641 3515 Augusti,
1660 3442 1732 3484 anuo
1754 3436 1853 3497 quarto
1872 3428 1925 3484 de·
2028 3422 2029 3434 ¹

284 3524 341 3579 dati
356 3522 442 3579 nostri
453 3530 575 3579 tenorem
587 3519 788 3590 eliqrridu'erct,
803 3520 942 3577 adsedem
967 3531 1076 3590 aposto·
1125 3517 1197 3573 cirne

285 3615 367 3671 licam
378 3613 557 3686 appellantes;
574 3627 691 3684 cumque
705 3611 844 3669 dietertia
857 3626 908 3681 pro
919 3612 1075 3682 recipiendo
1497 3610 1612 3669 xcvttt.
1721 3670 1726 3680 ,

285 3720 427 3776 responso,
445 3713 528 3776 prout
541 3705 695 3762 condictum
708 3703 1076 3772 luerat,retrissctis,multi·
1125 3716 1249 3760 eriscnro
1267 3718 1460 3759 zantrosrrsn
1479 3720 1514 3760 er
1534 3720 1636 3761 occano
1651 3720 1784 3773 auratac,
1798 3722 1837 3763 er
1854 3721 1925 3765 cart-

286 3800 406 3856 tudinern
424 3798 591 3854 Venetorum
617 3797 645 3853 iu
670 3797 765 3853 cadem
792 3796 908 3853 ccclesia
935 3796 1076 3852 invenistis
1398 3808 1460 3849 roni
1479 3808 1645 3851 parturisset.

287 3889 381 3945 tamin
394 3887 483 3944 stallis
500 3902 581 3958 qtram
596 3887 671 3943 circa
686 3886 773 3942 altare
791 3885 973 3941 irreverenter
987 3898 1076 3939 arara·
1126 3880 1434 3954 Delegatinquieitiouenr
1442 3895 1532 3939 eontra
1539 3888 1687 3955 episcopum
1702 3886 1923 3959 Neepatrensenr.

286 3985 398 4046 tam-ct
410 3978 507 4048 usqoi
523 3978 653 4035 electioni
667 3990 697 4032 se
709 3974 874 4031 Venetorum
896 3984 1074 4046 opponerent,
1161 3973 1249 4044 idptud
1260 3973 1389 4045 Gryptam
1401 3974 1542 4040 ferratam,
1562 3992 1599 4032 ιιι
1611 3976 1671 4032 llal.
1688 3976 1886 4051 Septembris.)

288 4068 472 4123 rtembrorum
487 4066 686 4122 truncationem
699 4079 731 4120 ac
756 4073 870 4120 mortem
895 4060 1077 4134 non‘sbsquc
1162 4065 1256 4121 bilecti
1279 4066 1327 4121 lilii
1353 4066 1473 4125 decanus
1501 4076 1529 4122 et
1553 4068 1702 4137 capitulum
1726 4069 1926 4140 Neopatrcnsis
2021 4048 2022 4076 *

288 4156 381 4212 inultis
395 4156 561 4213 clamoribus
575 4156 767 4212 intentantem.
784 4152 865 4211 Vobis
879 4163 1077 4225 autemexspe
1127 4154 1256 4212 Ecclesie
1270 4155 1348 4211 nobis
1365 4156 1551 4213 denuntiando
1565 4165 1751 4213 monstrarunt
1770 4159 1845 4229 quod
1876 4176 1926 4215 re·
2019 4208 2020 4213 ,

288 4247 548 4316 eteutibosdcloris,
561 4248 685 4319 quedam
699 4244 864 4303 -t'enetorom
882 4248 1075 4315 canorricorum
1127 4245 1255 4302 nerabilie
1271 4242 1355 4303 irater'
1370 4260 1496 4305 noster...
1516 4264 1610 4305 eorum
1625 4251 1859 4323 archiepiscopus,
1875 4267 1926 4307 arr·

288 4352 350 4408 pers
365 4335 507 4411 prosiliens
521 4337 611 4395 subito
622 4336 656 4393 de
669 4335 859 4404 conclavi,ubi
877 4336 986 4392 inerant
997 4336 1077 4391 obsc-
1127 4346 1235 4408 tequam
1250 4341 1284 4396 ad
1295 4340 1435 4410 dignitatis
1449 4344 1552 4414 apicem
1565 4346 1743 4410 ascendisset.
1760 4346 1825 4402 licet
1844 4355 1925 4402 esset
2017 4368 2018 4373 ¹

289 4429 352 4497 ruti,
365 4429 500 4486 nonnullis
510 4444 543 4485 cx
555 4431 695 4489 canonicis
704 4429 765 4486 aliis
776 4429 965 4486 recedentibus
982 4444 1077 4484 acon·
1128 4432 1155 4486 in
1168 4433 1329 4489 sacerdotali
1340 4431 1427 4491 allicio
1440 4438 1612 4502 ccrrstitmos,
1627 4451 1733 4492 cornum
1762 4446 1855 4493 tamen
1871 4454 1924 4493 nu·

282 4522 349 4579 silio
359 4521 527 4592 eorumdem,
543 4522 678 4579 decanum
690 4522 811 4595 ejusdem
836 4520 961 4577 ecclesie
988 4520 1076 4575 nomi·
1091 4527 1114 4583 Ι)
1127 4522 1224 4590 triens,
1239 4532 1332 4578 contra
1342 4523 1455 4579 Latinos
1470 4526 1496 4579 in
1519 4524 1677 4581 Graecorum
1699 4526 1832 4582 auxilium
1859 4542 1925 4583 eunt

285 4615 372 4670 ararit.
406 4612 483 4681 Quod
514 4628 562 4671 ros
589 4616 760 4672 extrinsecus
794 4613 874 4685 positi
910 4612 1076 4679 sentientes,
1127 4612 1234 4680 Arguto
1246 4613 1382 4683 quotidem
1393 4613 1516 4670 Coriotbi
1540 4615 1657 4671 brutino
1682 4624 1814 4685 tanquan
1832 4615 1925 4672 laicus

287 4706 415 4763 electioni
437 4705 593 4776 huiusmodi
618 4706 761 4763 studuistis
784 4703 973 4762 carrtradicere
999 4703 1077 4772 justa
1128 4704 1232 4774 pariter
1248 4719 1324 4760 arms
1347 4706 1474 4776 sumpsit,
1492 4714 1521 4761 ct
1538 4707 1613 4761 eirca
1636 4707 1762 4763 eumdem
1781 4709 1809 4763 in
1825 4708 1924 4763 militie

290 4797 555 4869 permitterentne
569 4796 865 4869 appellationemprius
882 4796 916 4851 ad
928 4809 979 4850 tros
991 4794 1078 4850 inter·
1128 4792 1217 4852 olllcio
1226 4810 1276 4866 per
1300 4810 1400 4851 annum
1426 4809 1453 4853 et
1478 4798 1593 4869 amplius
1616 4799 1750 4867 seruiens,
1775 4800 1925 4857 mortuellus

290 4889 404 4965 positam
420 4902 513 4945 coram
529 4887 802 4959 &licutinopolitani
814 4886 880 4943 cleri
905 4884 1078 4941 multitudine
1128 4886 1240 4945 Latinos
1256 4888 1355 4945 dicitur
1368 4888 1511 4945 occidisse.
1531 4886 1632 4944 Verum
1656 4905 1719 4945 cunr
1744 4892 1924 4960 postnmdmu

289 4982 452 5039 innovando.
472 4979 646 5037 Postmodum
660 4994 725 5036 roro
736 4988 791 5037 tres
800 4992 942 5050 personas,
953 4976 1078 5033 uidelicet
1129 4995 1178 5052 per
1194 4979 1352 5035 electionem
1367 4980 1546 5052 quorumdam
1562 4979 1767 5047 canostimrmn,
1778 4980 1826 5051 qui
1843 4996 1924 5053 epus·

288 5073 472 5130 venerabilem
486 5072 599 5129 tratrem
610 5079 734 5127 nostrum
749 5070 1077 5140 Cremonensemepiseo·
1129 5071 1190 5127 dem
1204 5070 1304 5144 flagitia
1318 5074 1425 5143 penitus
1441 5074 1613 5145 ignorabant,
1637 5073 1751 5143 adeptus
1771 5074 1824 5129 luit
1853 5076 1924 5145 regi-

290 5182 355 5237 pum
366 5178 395 5225 et
407 5167 520 5223 ddecus
533 5166 603 5221 lilios
616 5163 728 5222 Petrum
753 5164 825 5221 tituli
840 5164 934 5221 Sancti
959 5160 1080 5219 llarcclli
1124 5177 1191 5229 pren
1202 5162 1331 5221 Ecclesie
1342 5176 1508 5232 memorate,
1522 5164 1628 5235 abjecta
1652 5178 1721 5235 grene
1736 5164 1848 5235 pertitus
1869 5178 1924 5219 mo

290 5258 478 5330 presbyterum
491 5257 658 5314 cardinalem
674 5256 751 5328 (eid)
760 5268 789 5314 et
803 5258 960 5329 magistrum
975 5254 1080 5309 liober-
1131 5256 1215 5314 destia
1230 5256 1371 5328 pastorali,
1396 5256 1514 5327 neglexit
1534 5272 1647 5329 prorsus
1672 5257 1814 5313 consulere
1840 5256 1923 5310 lanne

293 5362 348 5407 tum
363 5353 396 5409 de
406 5349 511 5408 Conon
523 5352 686 5411 canonicum
699 5349 893 5414 Parisieosem,
914 5346 1080 5405 unanimiter
1130 5362 1201 5415 sue;
1221 5350 1268 5404 esd
1282 5350 1367 5419 ipsam
1379 5350 1469 5418 potius
1482 5364 1618 5407 evacuans
1643 5348 1758 5405 virendo
1778 5362 1923 5419 peruerse,

326 5528 402 5600 (ild)
427 5529 546 5599 sopite.
573 5528 673 5598 Ques
696 5527 792 5584 Crutio
817 5526 865 5581 lib.
890 5542 910 5593 r,
944 5525 1077 5598 Turcogr.
1165 5526 1240 5601 (eti)
1263 5528 1372 5586 Petrum
1403 5531 1443 5587 tit.
1473 5529 1567 5586 sancti
1596 5528 1716 5591 llareelii
1750 5524 1922 5586 cardinalem

291 5600 324 5656 in
351 5601 622 5677 «farciminum
644 5600 827 5667 licitumad
849 5598 879 5655 τὸ
907 5595 1007 5671 ἄγαλμα
1026 5605 1076 5654 τῶν
1130 5600 1265 5671 quondum
1280 5598 1435 5669 apostolice
1456 5600 1528 5655 sedis
1543 5599 1659 5670 legatum
1674 5600 1700 5655 ln
1723 5596 1921 5656 Cerretantloo-

291 5671 319 5723 br
384 5672 601 5742 resappellatur.
1130 5670 1242 5741 politanl
1266 5671 1427 5740 patriarche
1450 5671 1536 5733 curia,
1550 5672 1583 5725 ad
1604 5686 1685 5740 qrrem
1702 5669 1828 5726 rescribit
1839 5666 1923 5722 luno·

309 5736 403 5817 iffi)
420 5738 535 5797 lione.
561 5740 722 5805 ilaomceno
750 5740 975 5811 Veneremque
995 5752 1077 5808 snpe-
1130 5740 1235 5797 centins
1250 5740 1276 5793 in
1294 5742 1368 5795 edd
1381 5741 1510 5807 decorent,
1526 5740 1563 5796 lle
1578 5741 1692 5800 institut.
1704 5739 1770 5797 Vide
1784 5736 1923 5811 superiori

293 5808 358 5866 rturi
374 5808 422 5867 lib.
440 5810 544 5882 epistol,
562 5810 658 5881 prima.
760 5846 766 5858 .
1131 5810 1201 5867 libro
1213 5808 1361 5882 epistolam¹
1370 5810 1495 5880 prirnam.
