4109 6325
261 303 316 362 bid
691 303 886 364 tartaciiurti
906 306 939 362 iii
959 306 1011 362 ΡΙ).
1032 305 1268 364 nacesidiibii
1287 308 1349 364 tiit.
1373 307 1442 364 itii.
1837 307 1892 360 bill

262 430 317 477 cic.
336 419 497 491 Eupropier,
521 416 619 474 dilecte
639 418 666 475 in
691 420 805 477 Domino
824 423 872 488 iili,
890 432 956 486 cic,
972 425 1090 493 ιιιιιιΑ
1450 420 1551 478 cxlii.

261 513 406 577 inclinati,
427 525 568 580 personam
585 518 656 566 tuam
677 527 740 568 crim
759 514 885 569 omnibus
897 513 976 569 bonis
993 523 1049 568 iani
1102 529 1239 570 auriensis
1256 530 1389 570 ariseoris
1410 529 1437 568 tn
1455 528 1563 578 oauuuii
1582 527 1787 570 ariscortriaus
1808 527 1893 570 atta·

261 599 453 659 ecclesiasticis
470 612 550 668 quarn
571 600 794 672 mundanisque
815 603 1049 673 inpraesentiarum
1136 621 1271 664 racroaas
1284 620 1453 660 manatensis
1467 619 1627 660 uoutsremi
1646 619 1856 662 coauuamrea.

263 691 458 748 rationabiliter
470 691 611 761 possides,
633 700 680 745 aut
696 693 721 747 in
736 690 854 746 latorum
867 693 948 761 justis
963 695 1050 749 innuis
1154 698 1285 753 Aduersus
1300 699 1480 766 malefactores
1496 700 1648 754 moirarterii
1663 697 1838 754 Coriaieruir.

262 784 345 839 dante
367 781 482 839 batarino
506 784 608 852 poteris
632 783 753 853 adipisci,
776 785 826 839 sub
846 784 919 839 beati
933 784 1005 840 Petri
1022 793 1050 838 et
1136 789 1245 858 Quianta
1257 789 1751 859 ampliasCerbcienseruonasterium
1763 791 1892 858 adiusel

261 885 352 929 nostra
380 877 548 944 protectione
570 876 742 947 suscipimus.
771 874 933 946 specialiter
959 884 1050 930 autern
1100 882 1292 951 proprietatem
1304 890 1483 937 sacrosancte
1495 879 1760 938 licinanaeiicciesiae
1771 882 1893 938 irascitur

261 967 465 1036 pi'aeposiltil'atil
486 975 514 1020 el
533 966 691 1022 canonicam
711 965 911 1020 Ebrednnensia
928 965 1050 1020 ecclesia}
1101 975 1248 1048 pertinere,
1263 983 1290 1029 et
1304 975 1448 1045 specialius
1458 975 1492 1029 ad
1503 975 1563 1044 ejus
1578 988 1671 1030 curam
1687 974 1798 1044 respicit
1809 985 1836 1030 et
1850 985 1894 1032 iu.

261 1075 321 1114 curn
347 1059 519 1128 pertinentiis
544 1058 611 1123 suis,
633 1059 703 1114 sicut
723 1072 771 1112 eas
793 1055 866 1125 juste
887 1057 1009 1124 possides
1022 1067 1051 1112 ct
1102 1065 1192 1129 telam,
1205 1065 1320 1121 tanioad
1332 1065 1515 1122 defensionem
1525 1075 1552 1121 ei
1563 1067 1798 1122 conseruationem
1809 1068 1895 1136 ipsius

261 1153 362 1221 quiete,
387 1151 550 1206 auctoritaie
573 1150 619 1204 tibi
644 1148 792 1218 apostolica
811 1148 1005 1204 confirmamus
1022 1160 1051 1204 ei
1101 1155 1268 1224 propensiori
1280 1170 1345 1210 cura
1359 1171 1408 1210 iios
1419 1164 1526 1224 oportet
1543 1156 1693 1218 intendere,
1711 1167 1738 1210 et
1755 1156 1815 1226 ejus
1831 1155 1894 1226 jara

260 1244 403 1312 praesentis
430 1243 525 1314 scripti
559 1242 710 1313 patrocinio
741 1240 951 1300 coniurauimus.
979 1240 1050 1297 Nulli
1102 1246 1203 1302 illibata
1220 1257 1247 1302 ιι
1262 1246 1365 1318 integra
1382 1247 1630 1304 coneervarc.lude
1644 1249 1770 1317 estquod
1785 1249 1896 1304 unirer-

261 1352 337 1406 crgo,
350 1346 415 1404 etc,
428 1354 508 1408 arque
518 1336 695 1406 protectionis
706 1345 734 1391 et
743 1334 970 1404 confirmationis,
984 1344 1050 1401 eie,
1102 1339 1174 1394 sitaii
1195 1351 1292 1394 restrae
1303 1355 1352 1410 per
1364 1339 1512 1410 apostolica
1532 1341 1635 1410 scripta
1649 1340 1809 1396 arandamus
1826 1357 1895 1412 qua-

260 1447 341 1500 arqua
356 1432 536 1488 incursurum.
1102 1437 1181 1488 tenus
1201 1431 1261 1488 illos
1284 1432 1464 1503 parocbianos
1480 1443 1586 1487 vestros
1603 1432 1648 1500 qui
1666 1433 1854 1502 possessiones
1868 1442 1896 1488 ιι

299 1519 394 1574 [latram
418 1518 554 1585 Laterani,
582 1533 610 1573 ir
635 1517 698 1572 idus
719 1516 853 1584 ianuarii,
876 1515 1053 1588 pontiileattis
1102 1521 1172 1577 bona
1185 1522 1291 1591 praeisti
1303 1523 1459 1578 monasterii
1471 1521 1577 1580 auferre
1589 1523 1811 1594 presumpserint
1824 1532 1852 1577 ιι
1863 1537 1897 1578 ea

262 1611 348 1665 nostri
365 1624 436 1665 atino
449 1619 546 1680 quarto
558 1610 673 1665 deciano.
1104 1613 1246 1693 temerarie
1260 1612 1415 1680 molestare,
1431 1629 1492 1668 trani
1513 1614 1586 1669 omni
1605 1616 1739 1672 studeatis
1755 1614 1896 1686 diligentia

616 1701 695 1760 cxi.
1104 1704 1252 1760 conuenire
1266 1713 1295 1759 ui
1305 1713 1333 1760 ei
1347 1704 1437 1760 ablata
1449 1706 1594 1760 restituant
1605 1714 1633 1761 ci
1645 1707 1679 1762 ab
1690 1721 1784 1762 eornm
1797 1707 1897 1765 moles-

262 1809 288 1852 ι.
303 1809 466 1852 suenracoso
480 1808 583 1850 rosano
593 1808 759 1859 praeustae,
774 1809 810 1852 tar
821 1807 954 1852 acerreae
967 1805 1052 1850 ιιιι·
1068 1767 1090 1824 Β
1104 1795 1140 1852 iia
1154 1804 1182 1852 ei
1196 1794 1367 1852 intestatione
1381 1797 1523 1852 desistant.
1543 1796 1619 1862 Quod
1644 1797 1667 1853 si
1678 1797 1756 1866 iuxta
1776 1811 1898 1854 maimo-

597 1899 720 1940 aunensi.
1104 1887 1234 1944 tuitionem
1257 1896 1376 1946 uestram
1396 1886 1486 1942 lairere
1511 1887 1582 1942 loric
1606 1889 1831 1959 contempserint,
1850 1904 1898 1944 eos

368 1975 407 2030 lie
421 1976 566 2046 supplenda
587 1975 744 2046 neplipentia
764 1974 943 2044 prolatarum.
1104 1994 1190 2049 usque
1211 1979 1245 2034 ad
1265 1978 1427 2050 caradignaui
1450 1976 1664 2034 satisfactionem
1681 1993 1797 2034 censura
1811 1977 1899 2034 eecle-

455 2068 604 2139 (Laterani,
618 2083 644 2121 rr
659 2067 698 2123 ld.
711 2065 857 2135 ianuarii.)
1104 2069 1215 2126 siastiea
1230 2070 1359 2125 arceatis.

297 2159 457 2216 bosiulastis
470 2176 518 2230 per
531 2161 624 2216 sedem
637 2160 811 2231 apostolicam
825 2157 933 2215 edoceri
947 2165 976 2213 ιιι
990 2172 1053 2212 cunr
1141 2161 1236 2216 aaran
1250 2161 1394 2225 Laterani,
1411 2176 1440 2216 in
1467 2159 1537 2218 Non.
1561 2159 1704 2227 baccani„
1725 2159 1900 2231 pontificatus

261 2251 294 2306 ad
317 2266 366 2306 uos
388 2250 467 2305 simul
489 2259 518 2305 ct
543 2249 776 2328 archiepiscopum
798 2258 918 2306 restrum
944 2248 1054 2304 donatio
1106 2253 1191 2310 nostri
1205 2253 1511 2323 annoquartudeeimo.

261 2341 467 2411 praebendarum
480 2339 601 2396 ecclesias
614 2349 711 2396 restrae
725 2338 950 2410 pertineaifflbb),
962 2346 1054 2394 utrum
1448 2368 1562 2424 mm·

262 2433 414 2500 praebendae
434 2433 559 2488 vacantis
581 2431 692 2486 donatio
713 2444 798 2502 penes
820 2430 1054 2500 arcbiepiseopum

253 2525 349 2602 ‘ipsum
364 2533 514 2593 remaneat,
533 2525 555 2580 si
574 2539 634 2609 capi
655 2523 727 2578 iutra
742 2534 874 2580 semestre
889 2534 994 2594 tempus
1006 2536 1055 2577 na-

262 2617 401 2689 plexeriiis
416 2617 519 2686 pariter
531 2617 667 2673 ordinare.
690 2617 730 2672 ild
750 2617 823 2688 quod
844 2618 920 2673 iobis
937 2616 1056 2672 breuiter

253 2709 457 2786 *respondemus
474 2708 546 2780 quod
567 2723 629 2763 curn
644 2723 692 2764 ros
705 2717 733 2762 ιι
747 2708 819 2766 idem
834 2708 1055 2777 archiepiscopus

263 2801 335 2856 iutra
353 2809 461 2869 tempus
475 2801 663 2871 prescriptum
679 2801 845 2873 negligentes
856 2801 973 2856 existitis
983 2801 1054 2856 cirea

264 2891 438 2946 collationem
456 2893 613 2946 vocantium
634 2893 852 2961 prebendarum,
871 2892 944 2948 sicui
957 2905 1006 2946 nec
1021 2892 1055 2945 ab

1124 2499 1220 2540 tarini
1235 2499 1270 2539 ιτ
1283 2497 1432 2539 conueniat
1454 2496 1547 2538 sineri
1567 2497 1693 2538 ainuonir
1709 2498 1882 2540 alnisiensis.

1179 2575 1220 2632 Νι
1233 2577 1296 2640 caiti
1311 2576 1432 2645 caipaiur
1444 2591 1491 2639 pro
1511 2571 1690 2628 installatione
1703 2573 1813 2629 abbatia.

1142 2669 1207 2725 Cum
1223 2682 1256 2724 ex
1273 2667 1393 2738 injuncto
1414 2667 1492 2721 uobis
1516 2666 1683 2736 apostolatus
1702 2665 1791 2723 obicio
1803 2665 1904 2723 accic-

1107 2761 1207 2816 siarnm
1224 2759 1345 2812 omniurn
1359 2756 1568 2812 sollicitudiuem
1581 2771 1676 2828 gerere
1691 2766 1851 2821 teneamur,
1868 2769 1903 2811 ca

1107 2849 1243 2919 corrigere
1255 2863 1304 2902 nos
1315 2855 1421 2916 oporiet
1431 2862 1491 2918 quae
1500 2848 1635 2903 interdum
1650 2857 1744 2904 contra
1758 2862 1905 2903 sacrorum

266 2983 314 3038 illo
330 2982 365 3036 ad
379 2997 436 3048 aas,
453 2984 489 3038 iia
505 2998 555 3038 uec
571 2998 586 3038 a
601 2983 679 3039 uobis
696 2983 730 3038 ad
745 2983 820 3038 illum
831 2993 952 3056 potestas
964 2981 1057 3038 derol—
1108 2953 1240 3038 immnum
1264 2937 1419 2992 ⁸³n⁰²³⁰ne⁸
1440 2937 1468 2991 in
1490 2938 1529 2992 εἰς
1550 2953 1601 3009 W
1624 2937 1741 3009 imnum
1757 2937 1907 2992 mmmm

285 3075 291 3086 ,
509 3074 516 3086 ,
1109 3026 1259 3096 rirrprorlde
1269 3033 1449 3080 attentantur.
1464 3024 1536 3080 Sane
1551 3027 1584 3080 ad
1599 3024 1763 3080 ouilientiam
1775 3033 1907 3078 nostratia

265 3082 339 3127 mm
361 3073 528 3141 miserendi
549 3074 597 3129 md
613 3073 760 3129 mundum
773 3084 875 3130 mium
892 3073 1092 3161 interanea-G
1109 3120 1186 3177 vobis
1200 3117 1380 3175 referentibus
1409 3127 1450 3175 cst
1474 3117 1591 3174 delatum
1614 3118 1684 3190 qriad
1700 3131 1762 3172 cuin
1776 3115 1907 3172 abbatera

265 3166 304 3221 sis
313 3165 421 3221 concilii
431 3166 464 3221 ad
476 3166 644 3237 superiorem
658 3166 756 3221 transit
767 3166 877 3221 licitatio
889 3161 1056 3227 earumdeai;

266 3256 317 3311 nisi
332 3256 403 3311 [om
416 3257 636 3327 archiepiscopus
677 3273 731 3312 non
747 3265 778 3311 m
799 3256 942 3327 mm.
961 3253 1009 3311 sed
1028 3261 1059 3309 ut
1109 3210 1379 3315 austrumtcoirtinguit
1391 3208 1425 3265 dc
1440 3224 1510 3263 rroro
1523 3208 1645 3313 insede,
1659 3213 1739 3311 prout
1753 3206 1906 3309 munisset,

265 3348 426 3416 canonicus,
444 3348 587 3405 vobiscum
605 3296 655 3416 Μ’
665 3349 764 3403 babeat
786 3346 961 3413 mmmm
984 3354 1012 3400 et
1030 3345 1057 3399 in
1109 3300 1467 3367 collocarr,arcb1draeonus
1480 3298 1643 3355 Parisicnsis
1659 3314 1708 3369 pro
1720 3297 1908 3353 installatione

265 3441 316 3497 boc
330 3455 406 3507 casu,
424 3439 448 3494 si
466 3438 559 3495 dolose
571 3438 685 3495 iorsitan
699 3436 864 3507 impedierit,
876 3436 954 3493 dolus
963 3436 989 3491 ei
1001 3435 1058 3493 sui-
1110 3394 1195 3501 iim
1211 3392 1441 3493 ⁰⁸⁰¹⁰⁰¹J⁵⁰¹i¹¹⁰ff
1450 3388 1611 3495 PisiSiffnsis
1627 3398 1743 3494 ¹¹l⁰¹¹⁰¹ae
1752 3404 1765 3443 ²
1775 3390 1851 3493 Vibii
1864 3388 1910 3441 ¹¹5·

266 3532 368 3602 fragm
383 3547 436 3587 ,ψῃ
450 3531 541 3587 debet·
1111 3496 1178 3543 titur
1190 3493 1375 3555 extorquere,
1396 3482 1551 3551 huiusmodi
1565 3492 1737 3537 exactionem
1754 3496 1780 3535 in
1795 3494 1839 3551 Jus
1855 3493 1909 3533 an-

301 3624 399 3679 Dawm
423 3620 561 3687 Laterani,
584 3636 612 3675 Π
634 3619 696 3675 Mus
721 3617 855 3685 'annun’
885 3617 1059 3690 mmmmm
1110 3594 1195 3636 nuum
1211 3576 1406 3633 convertendo.
1421 3572 1489 3641 Quia
1504 3572 1587 3643 igitur
1601 3573 1663 3629 talis
1684 3572 1851 3675 exactio'est·
1865 3583 1912 3623 ra·

346 3716 353 3728 .
610 3676 624 3725 .'
1112 3670 1177 3726 tiotri
1194 3668 1333 3724 contraria
1347 3677 1375 3723 ιι
1390 3676 1547 3722 satiatorum
1560 3664 1672 3719 Patrum
1685 3664 1910 3721 institutionibus

266 3725 354 3771 ΜΠ
372 3714 697 3859 ωῃοῳπιωωὲῗὺ
1111 3760 1236 3824 inimica,
1262 3772 1296 3813 ne
1322 3758 1400 3813 idda
1423 3764 1521 3811 caetero
1547 3763 1714 3821 attentetur,
1741 3753 1911 3808 auctoritaie

426 3910 522 3951 mm
538 3909 572 3947 H
587 3908 735 3949 mmmm
751 3908 906 3950 comm
1111 3852 1284 3926 presentium
1296 3848 1445 3906 districtius
1458 3847 1624 3904 inhibemus.
1636 3844 1708 3902 iiaiii
1720 3860 1821 3913 ergo...
1834 3842 1911 3897 inbi-

428 3983 609 4051 eripiamur
644 3982 747 4037 aradam
762 3956 889 4039 uenientia
908 3929 915 3948 ⁸
1112 3945 1234 4011 bium
1250 3954 1319 4009 Μ’
1335 3956 1415 4011 'min‘
1428 3939 1610 3993 incursurum

457 3999 898 4145 (hamundKaklanuaffi·)‘
1149 4038 1243 4092 liaiuin
1274 4035 1408 4100 inaurat,
1435 4049 1465 4089 ιιι
1499 4030 1568 4086 Non.
1597 4029 1706 4098 Octob,
1733 4023 1913 4098 pontificatus

304 4168 372 4223 Cam
387 4181 402 4219 a
417 4164 496 4220 nobis
508 4166 689 4236 petiturquod
696 4166 802 4236 instaur
812 4176 854 4221 ιιι
865 4174 893 4221 ιι
906 4166 1060 4230 honestum,
1113 4138 1201 4185 ”⁰⁸¹⁸
1221 4142 1292 4182 ³⁰⁰⁰
1304 4136 1402 4196 ΨΜ
1417 4126 1532 4180 ‘¹⁰⁰¹m0'

269 4269 336 4328 etc,
351 4272 432 4329 arque
448 4255 614 4327 perducatur
634 4256 770 4313 ellectum.
789 4256 949 4328 Eupropter,
970 4256 1061 4313 dilecti
1448 4234 1581 4300 cxiiii„

268 4353 299 4408 in
318 4349 433 4404 bonrino
452 4347 511 4413 tilii,
532 4348 630 4403 restris
642 4347 724 4416 justis
740 4348 980 4417 postulationibus,
994 4358 1061 4414 etc,
1326 4363 1413 4405 nnroar
1429 4362 1526 4403 nucum
1547 4358 1689 4401 uourrnsr.

260 4426 352 4511 ἰιιιιιι
376 4453 508 4505 assensu,
527 4439 688 4493 sententiam
715 4438 883 4494 dillluiiiram
905 4453 986 4509 quam
1012 4433 1101 4509 prol)
1280 4437 1608 4507 Confirmauiarqaadanr
1631 4445 1731 4490 ιιιιιιιι

269 4530 348 4585 robis
363 4538 456 4585 contra
475 4526 592 4583 nobilem
607 4528 695 4583 rirurn
714 4526 759 4583 W.
779 4528 942 4585 advocatum
963 4527 1062 4585 Betbu·
1301 4529 1454 4603 (Laterani,
1471 4544 1498 4583 ir
1516 4528 1555 4583 ii.
1569 4524 1717 4596 lauriani.)

270 4622 324 4677 niae
341 4636 425 4693 super
441 4620 604 4691 qrribnsilam
629 4618 710 4675 talliis
733 4628 761 4675 ct
782 4621 969 4675 exactionibus
992 4634 1063 4691 quas
1150 4627 1216 4682 Cum
1231 4624 1353 4695 qriaedam
1368 4621 1487 4690 capitula
1509 4620 1537 4674 in
1553 4617 1711 4673 autbeniico
1732 4622 1827 4673 nostro
1842 4630 1916 4673 een·

271 4716 361 4772 dicius
375 4715 523 4771 advocatus
535 4711 654 4769 indebite
669 4713 768 4767 vestris
779 4712 933 4767 laominibns
943 4711 1064 4781 impone
1116 4727 1189 4775 mnia
1203 4730 1252 4786 per
1264 4714 1368 4769 litteras
1386 4721 1464 4777 tuas,
1480 4722 1540 4779 quaa
1567 4721 1659 4763 eoram
1682 4705 1761 4763 nobis
1786 4704 1916 4761 recitatae

270 4806 329 4872 bai,
344 4806 434 4862 dilecti
449 4804 495 4859 iiiii
510 4804 601 4859 Sancti
613 4803 721 4858 llartini
733 4803 766 4858 de
779 4802 911 4859 Gemellis
925 4812 953 4858 ct
968 4802 1063 4858 Sancti
1116 4810 1234 4873 facerunt,
1248 4805 1283 4861 ad
1294 4803 1423 4873 maiorem
1437 4801 1548 4857 duxeris
1558 4800 1723 4855 evidentiam
1734 4797 1914 4867 erponenda,

273 4896 386 4952 Ᾱθῑιθῑθῑ
398 4898 511 4953 abillis
524 4906 551 4952 0²
567 4902 718 4963 praecentor
736 4893 935 4960 laminensis,
951 4910 967 4949 a
986 4893 1065 4950 uobis
1116 4915 1166 4957 nos
1180 4896 1348 4953 attendentes
1360 4901 1385 4947 ιι
1399 4891 1444 4947 illa
1458 4899 1486 4945 et
1501 4889 1669 4945 intellexisse
1684 4888 1800 4944 lidebier
1816 4897 1846 4942 et
1866 4901 1917 4941 sa·

271 4986 377 5057 jndices
396 4987 528 5059 delegati,
545 4986 670 5055 exigente
679 4984 783 5054 justitia
799 4984 979 5055 protulerunt,
994 4984 1067 5039 sicut
1117 4989 1231 5047 tubriicr
1246 4985 1416 5057 explanasse,
1429 4979 1568 5038 devotioni
1592 4989 1646 5035 inae
1667 4979 1842 5051 praesentiam
1859 4994 1916 5033 an·

273 5090 313 5137 esi
325 5078 411 5149 justa,
423 5096 472 5135 nee
486 5079 604 5149 legitima
616 5078 809 5148 provocatione
820 5092 961 5147 suspensa,
972 5088 1068 5133 aucto·
1118 5082 1244 5139 ctoritate
1258 5076 1429 5141 manuleatus,
1442 5084 1577 5146 quatenus
1588 5075 1645 5145 ipsa
1661 5071 1812 5129 secundam
1825 5084 1916 5141 erpo·

278 5172 358 5225 ritate
380 5170 526 5241 apostolica
550 5170 742 5225 currbrmanins
764 5176 792 5224 ci
813 5169 956 5238 presentis
973 5167 1067 5237 scripti
1119 5175 1244 5231 sirionem
1270 5168 1422 5241 hujusmodi
1439 5167 1524 5223 iacias
1548 5164 1702 5222 observari.
1717 5162 1760 5219 io
1778 5160 1916 5230 majorem

276 5260 428 5331 ilitiotiiilo
442 5262 650 5318 coiiitiltiiiitntis·
664 5259 735 5315 Nulli
751 5276 828 5333 eigo.
845 5270 911 5330 ele..
930 5277 1011 5332 utque
1026 5260 1068 5314 in·
1120 5281 1184 5322 reru
1201 5261 1332 5318 cautelam
1344 5258 1525 5330 expositiones
1536 5256 1597 5311 illas
1609 5257 1643 5311 dc
1654 5253 1736 5309 uerbo
1749 5252 1784 5306 ad
1797 5250 1915 5304 verbum

275 5368 427 5412 cursurum.
1120 5356 1246 5430 presenti
1259 5353 1361 5423 scripio
1381 5348 1512 5420 iussimus
1534 5346 1674 5410 adriatari;
1697 5356 1813 5414 quarum
1832 5350 1918 5396 tenor

313 5444 409 5500 linium
425 5445 568 5508 Laterani,
583 5461 602 5499 u
615 5444 675 5501 ilai.
691 5442 824 5510 ianuarii,
835 5444 1008 5514 pontillcatus
1020 5458 1069 5500 no·
1120 5459 1162 5507 cst
1175 5448 1246 5504 talis.
1269 5445 1338 5515 Quia
1356 5442 1389 5499 de
1413 5440 1566 5513 pulsatione
1581 5440 1615 5495 ad
1633 5436 1807 5494 collationem
1819 5432 1917 5503 prima

185 5538 190 5547 ’
279 5535 330 5589 stri
343 5544 525 5605 ann⁰ll¹1³li⁰
545 5536 660 5593 decimo.
1121 5542 1202 5601 bebai
1215 5539 1345 5613 quaestio,
1363 5536 1452 5595 taliter
1472 5532 1579 5591 ridetur
1600 5528 1785 5593 determinare
1799 5523 1918 5597 priuile-

314 5712 388 5784 (ιιι)
399 5714 464 5785 Cap.
482 5712 651 5785 Pasiniaatr,
669 5716 706 5771 lie
720 5729 843 5775 concess.
856 5716 939 5787 preb.
