<?xml version="1.0" encoding="UTF-8"?>
<!DOCTYPE html PUBLIC "-//W3C//DTD XHTML 1.0 Transitional//EN"
    "http://www.w3.org/TR/xhtml1/DTD/xhtml1-transitional.dtd">
<html xmlns="http://www.w3.org/1999/xhtml" xml:lang="en" lang="en">
 <head>
  <title>
</title>
<meta http-equiv="Content-Type" content="text/html;charset=utf-8" />
  <meta name='ocr-system' content='tesseract 3.04.00' />
  <meta name='ocr-capabilities' content='ocr_page ocr_carea ocr_par ocr_line ocrx_word'/>
</head>
<body>
  <div class='ocr_page' id='page_1' title='image "./patrologiaecurs00berngoog/patrologiaecurs00berngoog_0437.png"; bbox 0 0 4109 6325; ppageno 0'>
   <div class='ocr_carea' id='block_1_1' title="bbox 197 316 1829 387">
    <p class='ocr_par' dir='ltr' id='par_1_1' title="bbox 197 316 1829 387">
     <span class='ocr_line' id='line_1_1' title="bbox 197 316 1829 387; baseline -0.002 -9"><span class='ocrx_word' id='word_1_1' title='bbox 197 328 248 387; x_wconf 68' lang='lat' dir='ltr'><strong>eli</strong></span> <span class='ocrx_word' id='word_1_2' title='bbox 676 317 925 377; x_wconf 75' lang='lat' dir='ltr'><strong>PONTlFchTUS</strong></span> <span class='ocrx_word' id='word_1_3' title='bbox 944 316 1040 377; x_wconf 76' lang='lat' dir='ltr'><strong>undo</strong></span> <span class='ocrx_word' id='word_1_4' title='bbox 1055 318 1115 387; x_wconf 82' lang='lat' dir='ltr'><strong>xl,</strong></span> <span class='ocrx_word' id='word_1_5' title='bbox 1134 316 1272 378; x_wconf 72' lang='lat' dir='ltr'><strong>sumsit</strong></span> <span class='ocrx_word' id='word_1_6' title='bbox 1293 319 1372 377; x_wconf 70' lang='grc'><strong>1919.</strong></span> <span class='ocrx_word' id='word_1_7' title='bbox 1774 318 1829 375; x_wconf 80' lang='lat' dir='ltr'><strong>att</strong></span> 
     </span>
    </p>
   </div>
   <div class='ocr_carea' id='block_1_2' title="bbox 198 428 1828 692">
    <p class='ocr_par' dir='ltr' id='par_1_2' title="bbox 198 428 1828 692">
     <span class='ocr_line' id='line_1_2' title="bbox 198 428 1828 519; baseline -0.007 -23"><span class='ocrx_word' id='word_1_8' title='bbox 198 440 261 513; x_wconf 86' lang='lat' dir='ltr'><strong>tat),</strong></span> <span class='ocrx_word' id='word_1_9' title='bbox 277 452 327 511; x_wconf 92' lang='lat' dir='ltr'><strong>per</strong></span> <span class='ocrx_word' id='word_1_10' title='bbox 339 450 389 494; x_wconf 91' lang='lat' dir='ltr'><strong>nos</strong></span> <span class='ocrx_word' id='word_1_11' title='bbox 412 435 485 508; x_wconf 89' lang='lat' dir='ltr'><strong>ipsos</strong></span> <span class='ocrx_word' id='word_1_12' title='bbox 507 434 547 491; x_wconf 86' lang='lat' dir='ltr'><strong>rel</strong></span> <span class='ocrx_word' id='word_1_13' title='bbox 559 431 626 489; x_wconf 76' lang='lat' dir='ltr'><strong>:ulios</strong></span> <span class='ocrx_word' id='word_1_14' title='bbox 649 432 909 499; x_wconf 86' lang='lat' dir='ltr'><strong>contravenerimus,</strong></span> <span class='ocrx_word' id='word_1_15' title='bbox 927 432 984 503; x_wconf 89' lang='lat' dir='ltr'><strong>ipse</strong></span> <span class='ocrx_word' id='word_1_16' title='bbox 997 440 1021 495; x_wconf 75' lang='lat' dir='ltr'><strong>A</strong></span> <span class='ocrx_word' id='word_1_17' title='bbox 1035 435 1163 519; x_wconf 84' lang='lat' dir='ltr'><strong>quaginta</strong></span> <span class='ocrx_word' id='word_1_18' title='bbox 1184 436 1278 501; x_wconf 87' lang='lat' dir='ltr'><strong>libras,</strong></span> <span class='ocrx_word' id='word_1_19' title='bbox 1297 434 1418 490; x_wconf 83' lang='lat' dir='ltr'><strong>lieberto</strong></span> <span class='ocrx_word' id='word_1_20' title='bbox 1436 428 1620 489; x_wconf 83' lang='lat' dir='ltr'><strong>hineolniensi</strong></span> <span class='ocrx_word' id='word_1_21' title='bbox 1641 428 1828 500; x_wconf 77' lang='lat' dir='ltr'><strong>septingentas</strong></span> 
     </span>
     <span class='ocr_line' id='line_1_3' title="bbox 198 519 1828 604; baseline -0.009 -19"><span class='ocrx_word' id='word_1_22' title='bbox 198 546 248 604; x_wconf 93' lang='lat' dir='ltr'><strong>pro</strong></span> <span class='ocrx_word' id='word_1_23' title='bbox 260 529 379 587; x_wconf 76' lang='lat' dir='ltr'><strong>Ecclesia</strong></span> <span class='ocrx_word' id='word_1_24' title='bbox 403 539 498 584; x_wconf 88' lang='lat' dir='ltr'><strong>contra</strong></span> <span class='ocrx_word' id='word_1_25' title='bbox 517 527 661 582; x_wconf 75' lang='lat' dir='ltr'><strong>violatores</strong></span> <span class='ocrx_word' id='word_1_26' title='bbox 686 526 840 583; x_wconf 73' lang='lat' dir='ltr'><strong>securitatis</strong></span> <span class='ocrx_word' id='word_1_27' title='bbox 857 533 885 579; x_wconf 91' lang='lat' dir='ltr'><strong>et</strong></span> <span class='ocrx_word' id='word_1_28' title='bbox 912 522 988 595; x_wconf 88' lang='lat' dir='ltr'><strong>pacis</strong></span> <span class='ocrx_word' id='word_1_29' title='bbox 1039 525 1272 598; x_wconf 88' lang='lat' dir='ltr'><strong>etquinqnaginta</strong></span> <span class='ocrx_word' id='word_1_30' title='bbox 1290 523 1384 590; x_wconf 89' lang='lat' dir='ltr'><strong>libras,</strong></span> <span class='ocrx_word' id='word_1_31' title='bbox 1398 521 1481 593; x_wconf 81' lang='lat' dir='ltr'><strong>priori</strong></span> <span class='ocrx_word' id='word_1_32' title='bbox 1502 530 1530 578; x_wconf 95' lang='lat' dir='ltr'><strong>et</strong></span> <span class='ocrx_word' id='word_1_33' title='bbox 1548 519 1689 577; x_wconf 90' lang='lat' dir='ltr'><strong>monacbis</strong></span> <span class='ocrx_word' id='word_1_34' title='bbox 1706 519 1828 574; x_wconf 88' lang='lat' dir='ltr'><strong>cantua-</strong></span> 
     </span>
     <span class='ocr_line' id='line_1_4' title="bbox 198 609 1827 692; baseline -0.011 -12"><span class='ocrx_word' id='word_1_35' title='bbox 198 622 335 680; x_wconf 88' lang='lat' dir='ltr'><strong>nrundatis</strong></span> <span class='ocrx_word' id='word_1_36' title='bbox 356 620 510 692; x_wconf 89' lang='lat' dir='ltr'><strong>apostolicis</strong></span> <span class='ocrx_word' id='word_1_37' title='bbox 529 619 709 687; x_wconf 87' lang='lat' dir='ltr'><strong>inhaerebunt,</strong></span> <span class='ocrx_word' id='word_1_38' title='bbox 732 632 835 687; x_wconf 91' lang='lat' dir='ltr'><strong>nosque</strong></span> <span class='ocrx_word' id='word_1_39' title='bbox 858 625 987 687; x_wconf 89' lang='lat' dir='ltr'><strong>perpetuo</strong></span> <span class='ocrx_word' id='word_1_40' title='bbox 1038 614 1174 673; x_wconf 88' lang='lat' dir='ltr'><strong>riensibns</strong></span> <span class='ocrx_word' id='word_1_41' title='bbox 1191 615 1266 672; x_wconf 90' lang='lat' dir='ltr'><strong>mille</strong></span> <span class='ocrx_word' id='word_1_42' title='bbox 1288 614 1381 671; x_wconf 89' lang='lat' dir='ltr'><strong>libras.</strong></span> <span class='ocrx_word' id='word_1_43' title='bbox 1401 612 1454 669; x_wconf 88' lang='lat' dir='ltr'><strong>Sed</strong></span> <span class='ocrx_word' id='word_1_44' title='bbox 1479 610 1604 683; x_wconf 91' lang='lat' dir='ltr'><strong>protinus</strong></span> <span class='ocrx_word' id='word_1_45' title='bbox 1627 609 1731 679; x_wconf 90' lang='lat' dir='ltr'><strong>absque</strong></span> <span class='ocrx_word' id='word_1_46' title='bbox 1750 622 1827 665; x_wconf 90' lang='lat' dir='ltr'><strong>mora</strong></span> 
     </span>
    </p>
   </div>
   <div class='ocr_carea' id='block_1_3' title="bbox 196 709 988 1508">
    <p class='ocr_par' dir='ltr' id='par_1_3' title="bbox 196 709 988 1508">
     <span class='ocr_line' id='line_1_5' title="bbox 199 709 878 768; baseline -0.009 -1"><span class='ocrx_word' id='word_1_47' title='bbox 199 712 352 768; x_wconf 89' lang='lat' dir='ltr'><strong>vacantium</strong></span> <span class='ocrx_word' id='word_1_48' title='bbox 363 710 540 766; x_wconf 86' lang='lat' dir='ltr'><strong>ecclesiarum</strong></span> <span class='ocrx_word' id='word_1_49' title='bbox 555 710 703 767; x_wconf 72' lang='lat' dir='ltr'><strong>custodiam</strong></span> <span class='ocrx_word' id='word_1_50' title='bbox 715 709 878 763; x_wconf 86' lang='lat' dir='ltr'><strong>trrrdttamus.</strong></span> 
     </span>
     <span class='ocr_line' id='line_1_6' title="bbox 235 794 986 869; baseline -0.005 -14"><span class='ocrx_word' id='word_1_51' title='bbox 235 800 345 869; x_wconf 79' lang='lat' dir='ltr'><strong>Quodsi</strong></span> <span class='ocrx_word' id='word_1_52' title='bbox 360 798 431 855; x_wconf 91' lang='lat' dir='ltr'><strong>iorte</strong></span> <span class='ocrx_word' id='word_1_53' title='bbox 451 798 652 868; x_wconf 81' lang='lat' dir='ltr'><strong>nequiverimus</strong></span> <span class='ocrx_word' id='word_1_54' title='bbox 669 810 716 852; x_wconf 91' lang='lat' dir='ltr'><strong>eos</strong></span> <span class='ocrx_word' id='word_1_55' title='bbox 730 796 763 850; x_wconf 90' lang='lat' dir='ltr'><strong>ad</strong></span> <span class='ocrx_word' id='word_1_56' title='bbox 779 794 849 851; x_wconf 90' lang='lat' dir='ltr'><strong>banc</strong></span> <span class='ocrx_word' id='word_1_57' title='bbox 864 794 986 851; x_wconf 88' lang='lat' dir='ltr'><strong>ultimam</strong></span> 
     </span>
     <span class='ocr_line' id='line_1_7' title="bbox 196 886 987 963; baseline -0.009 -13"><span class='ocrx_word' id='word_1_58' title='bbox 196 892 342 963; x_wconf 82' lang='lat' dir='ltr'><strong>iuramenti</strong></span> <span class='ocrx_word' id='word_1_59' title='bbox 356 898 461 962; x_wconf 90' lang='lat' dir='ltr'><strong>partem</strong></span> <span class='ocrx_word' id='word_1_60' title='bbox 473 889 610 951; x_wconf 89' lang='lat' dir='ltr'><strong>inducere,</strong></span> <span class='ocrx_word' id='word_1_61' title='bbox 626 886 751 943; x_wconf 87' lang='lat' dir='ltr'><strong>videlicet</strong></span> <span class='ocrx_word' id='word_1_62' title='bbox 762 887 833 956; x_wconf 91' lang='lat' dir='ltr'><strong>quod</strong></span> <span class='ocrx_word' id='word_1_63' title='bbox 847 886 870 941; x_wconf 91' lang='lat' dir='ltr'><strong>si</strong></span> <span class='ocrx_word' id='word_1_64' title='bbox 881 900 928 955; x_wconf 92' lang='lat' dir='ltr'><strong>per</strong></span> <span class='ocrx_word' id='word_1_65' title='bbox 939 902 987 943; x_wconf 87' lang='lat' dir='ltr'><strong>nos</strong></span> 
     </span>
     <span class='ocr_line' id='line_1_8' title="bbox 200 974 986 1057; baseline -0.013 -16"><span class='ocrx_word' id='word_1_66' title='bbox 200 984 325 1057; x_wconf 88' lang='lat' dir='ltr'><strong>ipsosvcl</strong></span> <span class='ocrx_word' id='word_1_67' title='bbox 341 984 409 1038; x_wconf 78' lang='lat' dir='ltr'><strong>:dios</strong></span> <span class='ocrx_word' id='word_1_68' title='bbox 433 976 693 1039; x_wconf 78' lang='lat' dir='ltr'><strong>contravenerimus.</strong></span> <span class='ocrx_word' id='word_1_69' title='bbox 720 976 769 1047; x_wconf 90' lang='lat' dir='ltr'><strong>ipsi</strong></span> <span class='ocrx_word' id='word_1_70' title='bbox 792 992 841 1047; x_wconf 92' lang='lat' dir='ltr'><strong>pro</strong></span> <span class='ocrx_word' id='word_1_71' title='bbox 863 974 986 1031; x_wconf 80' lang='lat' dir='ltr'><strong>Ecclesia</strong></span> 
     </span>
     <span class='ocr_line' id='line_1_9' title="bbox 200 1068 988 1139; baseline -0.014 -6"><span class='ocrx_word' id='word_1_72' title='bbox 200 1086 293 1133; x_wconf 91' lang='lat' dir='ltr'><strong>contra</strong></span> <span class='ocrx_word' id='word_1_73' title='bbox 306 1075 451 1129; x_wconf 78' lang='lat' dir='ltr'><strong>violatores</strong></span> <span class='ocrx_word' id='word_1_74' title='bbox 464 1070 617 1127; x_wconf 81' lang='lat' dir='ltr'><strong>securitatis</strong></span> <span class='ocrx_word' id='word_1_75' title='bbox 631 1076 657 1123; x_wconf 89' lang='lat' dir='ltr'><strong>ot</strong></span> <span class='ocrx_word' id='word_1_76' title='bbox 677 1068 751 1139; x_wconf 81' lang='lat' dir='ltr'><strong>pacis</strong></span> <span class='ocrx_word' id='word_1_77' title='bbox 765 1068 899 1122; x_wconf 88' lang='lat' dir='ltr'><strong>mandatis</strong></span> <span class='ocrx_word' id='word_1_78' title='bbox 923 1081 988 1137; x_wconf 90' lang='lat' dir='ltr'><strong>apo·</strong></span> 
     </span>
     <span class='ocr_line' id='line_1_10' title="bbox 201 1160 988 1233; baseline -0.013 -8"><span class='ocrx_word' id='word_1_79' title='bbox 201 1168 304 1225; x_wconf 88' lang='lat' dir='ltr'><strong>stolicis</strong></span> <span class='ocrx_word' id='word_1_80' title='bbox 319 1166 498 1229; x_wconf 76' lang='lat' dir='ltr'><strong>inhaerebunt,</strong></span> <span class='ocrx_word' id='word_1_81' title='bbox 516 1178 566 1219; x_wconf 88' lang='lat' dir='ltr'><strong>nos</strong></span> <span class='ocrx_word' id='word_1_82' title='bbox 579 1170 688 1233; x_wconf 88' lang='lat' dir='ltr'><strong>propter</strong></span> <span class='ocrx_word' id='word_1_83' title='bbox 714 1160 765 1214; x_wconf 90' lang='lat' dir='ltr'><strong>hnc</strong></span> <span class='ocrx_word' id='word_1_84' title='bbox 779 1160 889 1215; x_wconf 90' lang='lat' dir='ltr'><strong>domino</strong></span> <span class='ocrx_word' id='word_1_85' title='bbox 911 1174 988 1230; x_wconf 88' lang='lat' dir='ltr'><strong>papae</strong></span> 
     </span>
     <span class='ocr_line' id='line_1_11' title="bbox 201 1247 987 1324; baseline -0.013 -9"><span class='ocrx_word' id='word_1_86' title='bbox 201 1258 372 1315; x_wconf 79' lang='lat' dir='ltr'><strong>aeccclesiae</strong></span> <span class='ocrx_word' id='word_1_87' title='bbox 388 1256 516 1311; x_wconf 75' lang='lat' dir='ltr'><strong>Romanae</strong></span> <span class='ocrx_word' id='word_1_88' title='bbox 541 1268 589 1324; x_wconf 89' lang='lat' dir='ltr'><strong>per</strong></span> <span class='ocrx_word' id='word_1_89' title='bbox 608 1261 715 1307; x_wconf 86' lang='lat' dir='ltr'><strong>nostras</strong></span> <span class='ocrx_word' id='word_1_90' title='bbox 735 1260 860 1321; x_wconf 88' lang='lat' dir='ltr'><strong>patentes</strong></span> <span class='ocrx_word' id='word_1_91' title='bbox 883 1247 987 1305; x_wconf 84' lang='lat' dir='ltr'><strong>litteras</strong></span> 
     </span>
     <span class='ocr_line' id='line_1_12' title="bbox 201 1338 987 1421; baseline -0.015 -16"><span class='ocrx_word' id='word_1_92' title='bbox 201 1350 379 1421; x_wconf 77' lang='lat' dir='ltr'><strong>obligavimus</strong></span> <span class='ocrx_word' id='word_1_93' title='bbox 391 1360 473 1401; x_wconf 92' lang='lat' dir='ltr'><strong>ornnc</strong></span> <span class='ocrx_word' id='word_1_94' title='bbox 491 1344 536 1415; x_wconf 85' lang='lat' dir='ltr'><strong>jus</strong></span> <span class='ocrx_word' id='word_1_95' title='bbox 549 1350 708 1414; x_wconf 86' lang='lat' dir='ltr'><strong>patronatus</strong></span> <span class='ocrx_word' id='word_1_96' title='bbox 727 1339 798 1410; x_wconf 89' lang='lat' dir='ltr'><strong>quod</strong></span> <span class='ocrx_word' id='word_1_97' title='bbox 814 1338 945 1395; x_wconf 89' lang='lat' dir='ltr'><strong>habemus</strong></span> <span class='ocrx_word' id='word_1_98' title='bbox 960 1338 987 1393; x_wconf 90' lang='lat' dir='ltr'><strong>in</strong></span> 
     </span>
     <span class='ocr_line' id='line_1_13' title="bbox 201 1433 988 1508; baseline -0.013 -11"><span class='ocrx_word' id='word_1_99' title='bbox 201 1439 326 1497; x_wconf 84' lang='lat' dir='ltr'><strong>ecelesiis</strong></span> <span class='ocrx_word' id='word_1_100' title='bbox 339 1436 503 1508; x_wconf 80' lang='lat' dir='ltr'><strong>anglicanis.</strong></span> <span class='ocrx_word' id='word_1_101' title='bbox 521 1434 555 1489; x_wconf 87' lang='lat' dir='ltr'><strong>Et</strong></span> <span class='ocrx_word' id='word_1_102' title='bbox 568 1448 664 1489; x_wconf 90' lang='lat' dir='ltr'><strong>omnes</strong></span> <span class='ocrx_word' id='word_1_103' title='bbox 677 1433 781 1488; x_wconf 90' lang='lat' dir='ltr'><strong>litteras</strong></span> <span class='ocrx_word' id='word_1_104' title='bbox 797 1444 857 1500; x_wconf 77' lang='lat' dir='ltr'><strong>quac</strong></span> <span class='ocrx_word' id='word_1_105' title='bbox 871 1445 921 1501; x_wconf 95' lang='lat' dir='ltr'><strong>pro</strong></span> <span class='ocrx_word' id='word_1_106' title='bbox 944 1444 988 1487; x_wconf 82' lang='lat' dir='ltr'><strong>se·</strong></span> 
     </span>
    </p>
   </div>
   <div class='ocr_carea' id='block_1_4' title="bbox 103 1520 986 1599">
    <p class='ocr_par' dir='ltr' id='par_1_4' title="bbox 103 1520 986 1599">
     <span class='ocr_line' id='line_1_14' title="bbox 103 1520 986 1599; baseline -0.02 -6"><span class='ocrx_word' id='word_1_107' title='bbox 103 1588 106 1593; x_wconf 90' lang='lat'><em>.</em></span> <span class='ocrx_word' id='word_1_108' title='bbox 202 1532 318 1589; x_wconf 85' lang='lat' dir='ltr'><strong>caritate</strong></span> <span class='ocrx_word' id='word_1_109' title='bbox 331 1528 522 1599; x_wconf 75' lang='lat' dir='ltr'><strong>predictorum</strong></span> <span class='ocrx_word' id='word_1_110' title='bbox 536 1533 599 1580; x_wconf 91' lang='lat' dir='ltr'><strong>sunt</strong></span> <span class='ocrx_word' id='word_1_111' title='bbox 621 1523 780 1579; x_wconf 83' lang='lat' dir='ltr'><strong>exhibendae</strong></span> <span class='ocrx_word' id='word_1_112' title='bbox 801 1520 920 1592; x_wconf 73' lang='lat' dir='ltr'><strong>praelatis</strong></span> <span class='ocrx_word' id='word_1_113' title='bbox 943 1536 986 1576; x_wconf 56' lang='lat' dir='ltr'><strong>ars</strong></span> 
     </span>
    </p>
   </div>
   <div class='ocr_carea' id='block_1_5' title="bbox 201 1612 987 1782">
    <p class='ocr_par' dir='ltr' id='par_1_5' title="bbox 201 1612 987 1782">
     <span class='ocr_line' id='line_1_15' title="bbox 201 1612 987 1692; baseline -0.019 -11"><span class='ocrx_word' id='word_1_114' title='bbox 201 1623 372 1692; x_wconf 89' lang='lat' dir='ltr'><strong>chlepiscopo</strong></span> <span class='ocrx_word' id='word_1_115' title='bbox 396 1626 424 1673; x_wconf 90' lang='lat' dir='ltr'><strong>ct</strong></span> <span class='ocrx_word' id='word_1_116' title='bbox 445 1616 582 1689; x_wconf 90' lang='lat' dir='ltr'><strong>episcopis</strong></span> <span class='ocrx_word' id='word_1_117' title='bbox 606 1625 668 1669; x_wconf 89' lang='lat' dir='ltr'><strong>ante</strong></span> <span class='ocrx_word' id='word_1_118' title='bbox 692 1630 769 1669; x_wconf 85' lang='lat' dir='ltr'><strong>surum</strong></span> <span class='ocrx_word' id='word_1_119' title='bbox 787 1614 940 1685; x_wconf 89' lang='lat' dir='ltr'><strong>ingressuro</strong></span> <span class='ocrx_word' id='word_1_120' title='bbox 959 1612 987 1667; x_wconf 91' lang='lat' dir='ltr'><strong>in</strong></span> 
     </span>
     <span class='ocr_line' id='line_1_16' title="bbox 202 1702 985 1782; baseline -0.014 -15"><span class='ocrx_word' id='word_1_121' title='bbox 202 1709 327 1782; x_wconf 72' lang='lat' dir='ltr'><strong>angliam</strong></span> <span class='ocrx_word' id='word_1_122' title='bbox 353 1707 580 1765; x_wconf 90' lang='lat' dir='ltr'><strong>transmittemus.</strong></span> <span class='ocrx_word' id='word_1_123' title='bbox 606 1705 634 1759; x_wconf 89' lang='lat' dir='ltr'><strong>Si</strong></span> <span class='ocrx_word' id='word_1_124' title='bbox 656 1719 721 1760; x_wconf 86' lang='lat' dir='ltr'><strong>vero</strong></span> <span class='ocrx_word' id='word_1_125' title='bbox 745 1704 821 1760; x_wconf 91' lang='lat' dir='ltr'><strong>nobis</strong></span> <span class='ocrx_word' id='word_1_126' title='bbox 843 1702 985 1773; x_wconf 83' lang='lat' dir='ltr'><strong>placuerit,</strong></span> 
     </span>
    </p>
   </div>
   <div class='ocr_carea' id='block_1_6' title="bbox 1039 702 1830 1780">
    <p class='ocr_par' dir='ltr' id='par_1_6' title="bbox 1039 702 1830 1780">
     <span class='ocr_line' id='line_1_17' title="bbox 1039 702 1828 780; baseline -0.013 -16"><span class='ocrx_word' id='word_1_127' title='bbox 1039 716 1180 780; x_wconf 83' lang='lat' dir='ltr'><strong>postquam</strong></span> <span class='ocrx_word' id='word_1_128' title='bbox 1193 720 1286 779; x_wconf 88' lang='lat' dir='ltr'><strong>paoem</strong></span> <span class='ocrx_word' id='word_1_129' title='bbox 1306 706 1387 761; x_wconf 89' lang='lat' dir='ltr'><strong>istam</strong></span> <span class='ocrx_word' id='word_1_130' title='bbox 1407 703 1564 759; x_wconf 83' lang='lat' dir='ltr'><strong>duxerimus</strong></span> <span class='ocrx_word' id='word_1_131' title='bbox 1577 702 1771 773; x_wconf 84' lang='lat' dir='ltr'><strong>acceptandam</strong></span> <span class='ocrx_word' id='word_1_132' title='bbox 1784 714 1828 755; x_wconf 91' lang='lat' dir='ltr'><strong>re-</strong></span> 
     </span>
     <span class='ocr_line' id='line_1_18' title="bbox 1039 792 1830 871; baseline -0.009 -16"><span class='ocrx_word' id='word_1_133' title='bbox 1039 800 1139 871; x_wconf 90' lang='lat' dir='ltr'><strong>signari</strong></span> <span class='ocrx_word' id='word_1_134' title='bbox 1160 796 1291 855; x_wconf 84' lang='lat' dir='ltr'><strong>iaciemus</strong></span> <span class='ocrx_word' id='word_1_135' title='bbox 1307 796 1510 867; x_wconf 89' lang='lat' dir='ltr'><strong>archiepiscopo</strong></span> <span class='ocrx_word' id='word_1_136' title='bbox 1524 804 1552 851; x_wconf 89' lang='lat' dir='ltr'><strong>et</strong></span> <span class='ocrx_word' id='word_1_137' title='bbox 1566 794 1701 866; x_wconf 91' lang='lat' dir='ltr'><strong>episcopis</strong></span> <span class='ocrx_word' id='word_1_138' title='bbox 1722 801 1752 849; x_wconf 92' lang='lat' dir='ltr'><strong>et</strong></span> <span class='ocrx_word' id='word_1_139' title='bbox 1774 792 1830 848; x_wconf 88' lang='lat' dir='ltr'><strong>cle·</strong></span> 
     </span>
     <span class='ocr_line' id='line_1_19' title="bbox 1040 883 1829 945; baseline -0.01 0"><span class='ocrx_word' id='word_1_140' title='bbox 1040 889 1105 945; x_wconf 91' lang='lat' dir='ltr'><strong>ricis</strong></span> <span class='ocrx_word' id='word_1_141' title='bbox 1118 902 1150 943; x_wconf 88' lang='lat' dir='ltr'><strong>ac</strong></span> <span class='ocrx_word' id='word_1_142' title='bbox 1162 887 1284 945; x_wconf 90' lang='lat' dir='ltr'><strong>ecclesiis</strong></span> <span class='ocrx_word' id='word_1_143' title='bbox 1294 885 1428 942; x_wconf 89' lang='lat' dir='ltr'><strong>universis</strong></span> <span class='ocrx_word' id='word_1_144' title='bbox 1438 885 1465 939; x_wconf 92' lang='lat' dir='ltr'><strong>in</strong></span> <span class='ocrx_word' id='word_1_145' title='bbox 1478 886 1604 941; x_wconf 91' lang='lat' dir='ltr'><strong>manibus</strong></span> <span class='ocrx_word' id='word_1_146' title='bbox 1617 884 1774 941; x_wconf 87' lang='lat' dir='ltr'><strong>nuntiorum</strong></span> <span class='ocrx_word' id='word_1_147' title='bbox 1785 883 1829 938; x_wconf 91' lang='lat' dir='ltr'><strong>vel</strong></span> 
     </span>
     <span class='ocr_line' id='line_1_20' title="bbox 1040 976 1826 1050; baseline -0.005 -15"><span class='ocrx_word' id='word_1_148' title='bbox 1040 986 1248 1050; x_wconf 89' lang='lat' dir='ltr'><strong>procuratorum</strong></span> <span class='ocrx_word' id='word_1_149' title='bbox 1266 979 1387 1048; x_wconf 91' lang='lat' dir='ltr'><strong>ipsorum</strong></span> <span class='ocrx_word' id='word_1_150' title='bbox 1402 976 1492 1031; x_wconf 90' lang='lat' dir='ltr'><strong>omnia</strong></span> <span class='ocrx_word' id='word_1_151' title='bbox 1519 978 1667 1033; x_wconf 85' lang='lat' dir='ltr'><strong>immobilia</strong></span> <span class='ocrx_word' id='word_1_152' title='bbox 1690 993 1752 1033; x_wconf 91' lang='lat' dir='ltr'><strong>cum</strong></span> <span class='ocrx_word' id='word_1_153' title='bbox 1776 977 1826 1032; x_wconf 89' lang='lat' dir='ltr'><strong>atl-</strong></span> 
     </span>
     <span class='ocr_line' id='line_1_21' title="bbox 1040 1068 1827 1137; baseline 0.001 -13"><span class='ocrx_word' id='word_1_154' title='bbox 1040 1069 1240 1126; x_wconf 88' lang='lat' dir='ltr'><strong>ministratione</strong></span> <span class='ocrx_word' id='word_1_155' title='bbox 1262 1068 1346 1125; x_wconf 92' lang='lat' dir='ltr'><strong>libera</strong></span> <span class='ocrx_word' id='word_1_156' title='bbox 1359 1068 1514 1123; x_wconf 91' lang='lat' dir='ltr'><strong>eorumdem</strong></span> <span class='ocrx_word' id='word_1_157' title='bbox 1534 1076 1561 1123; x_wconf 89' lang='lat' dir='ltr'><strong>et</strong></span> <span class='ocrx_word' id='word_1_158' title='bbox 1583 1068 1610 1123; x_wconf 91' lang='lat' dir='ltr'><strong>in</strong></span> <span class='ocrx_word' id='word_1_159' title='bbox 1631 1084 1700 1137; x_wconf 88' lang='lat' dir='ltr'><strong>pace</strong></span> <span class='ocrx_word' id='word_1_160' title='bbox 1715 1068 1827 1125; x_wconf 86' lang='lat' dir='ltr'><strong>dimitti.</strong></span> 
     </span>
     <span class='ocr_line' id='line_1_22' title="bbox 1039 1155 1826 1230; baseline -0.001 -16"><span class='ocrx_word' id='word_1_161' title='bbox 1039 1158 1214 1215; x_wconf 87' lang='lat' dir='ltr'><strong>interdictum</strong></span> <span class='ocrx_word' id='word_1_162' title='bbox 1227 1172 1293 1214; x_wconf 86' lang='lat' dir='ltr'><strong>vero</strong></span> <span class='ocrx_word' id='word_1_163' title='bbox 1315 1155 1466 1227; x_wconf 62' lang='lat' dir='ltr'><strong>vulgariter·</strong></span> <span class='ocrx_word' id='word_1_164' title='bbox 1476 1158 1607 1229; x_wconf 88' lang='lat' dir='ltr'><strong>utlagatio</strong></span> <span class='ocrx_word' id='word_1_165' title='bbox 1630 1169 1826 1230; x_wconf 90' lang='lat' dir='ltr'><strong>nuncupatum,</strong></span> 
     </span>
     <span class='ocr_line' id='line_1_23' title="bbox 1039 1248 1829 1321; baseline 0.001 -16"><span class='ocrx_word' id='word_1_166' title='bbox 1039 1250 1111 1321; x_wconf 88' lang='lat' dir='ltr'><strong>quod</strong></span> <span class='ocrx_word' id='word_1_167' title='bbox 1125 1250 1238 1321; x_wconf 92' lang='lat' dir='ltr'><strong>proponi</strong></span> <span class='ocrx_word' id='word_1_168' title='bbox 1264 1248 1378 1305; x_wconf 91' lang='lat' dir='ltr'><strong>lecimus</strong></span> <span class='ocrx_word' id='word_1_169' title='bbox 1398 1258 1493 1305; x_wconf 87' lang='lat' dir='ltr'><strong>contra</strong></span> <span class='ocrx_word' id='word_1_170' title='bbox 1514 1264 1645 1320; x_wconf 89' lang='lat' dir='ltr'><strong>personas</strong></span> <span class='ocrx_word' id='word_1_171' title='bbox 1662 1251 1829 1307; x_wconf 90' lang='lat' dir='ltr'><strong>ecclesiasti-</strong></span> 
     </span>
     <span class='ocr_line' id='line_1_24' title="bbox 1039 1342 1829 1415; baseline -0.003 -16"><span class='ocrx_word' id='word_1_172' title='bbox 1039 1358 1096 1411; x_wconf 90' lang='lat' dir='ltr'><strong>cas,</strong></span> <span class='ocrx_word' id='word_1_173' title='bbox 1113 1342 1219 1415; x_wconf 89' lang='lat' dir='ltr'><strong>publice</strong></span> <span class='ocrx_word' id='word_1_174' title='bbox 1239 1342 1439 1408; x_wconf 84' lang='lat' dir='ltr'><strong>revocabimus,</strong></span> <span class='ocrx_word' id='word_1_175' title='bbox 1460 1342 1635 1411; x_wconf 90' lang='lat' dir='ltr'><strong>protestando</strong></span> <span class='ocrx_word' id='word_1_176' title='bbox 1653 1358 1700 1413; x_wconf 91' lang='lat' dir='ltr'><strong>per</strong></span> <span class='ocrx_word' id='word_1_177' title='bbox 1720 1350 1829 1398; x_wconf 86' lang='lat' dir='ltr'><strong>nostras</strong></span> 
     </span>
     <span class='ocr_line' id='line_1_25' title="bbox 1039 1432 1829 1505; baseline 0 -14"><span class='ocrx_word' id='word_1_178' title='bbox 1039 1443 1165 1505; x_wconf 89' lang='lat' dir='ltr'><strong>patentes</strong></span> <span class='ocrx_word' id='word_1_179' title='bbox 1178 1434 1284 1490; x_wconf 88' lang='lat' dir='ltr'><strong>litteras</strong></span> <span class='ocrx_word' id='word_1_180' title='bbox 1298 1432 1505 1505; x_wconf 88' lang='lat' dir='ltr'><strong>archiepiscopo</strong></span> <span class='ocrx_word' id='word_1_181' title='bbox 1519 1432 1676 1497; x_wconf 84' lang='lat' dir='ltr'><strong>tribuendas</strong></span> <span class='ocrx_word' id='word_1_182' title='bbox 1691 1435 1716 1489; x_wconf 92' lang='lat' dir='ltr'><strong>id</strong></span> <span class='ocrx_word' id='word_1_183' title='bbox 1730 1435 1764 1490; x_wconf 92' lang='lat' dir='ltr'><strong>ad</strong></span> <span class='ocrx_word' id='word_1_184' title='bbox 1778 1450 1829 1491; x_wconf 83' lang='lat' dir='ltr'><strong>nos</strong></span> 
     </span>
     <span class='ocr_line' id='line_1_26' title="bbox 1040 1524 1828 1597; baseline -0.003 -14"><span class='ocrx_word' id='word_1_185' title='bbox 1040 1528 1074 1583; x_wconf 90' lang='lat' dir='ltr'><strong>de</strong></span> <span class='ocrx_word' id='word_1_186' title='bbox 1100 1526 1224 1597; x_wconf 89' lang='lat' dir='ltr'><strong>personis</strong></span> <span class='ocrx_word' id='word_1_187' title='bbox 1251 1525 1444 1583; x_wconf 88' lang='lat' dir='ltr'><strong>ecclesiasticis</strong></span> <span class='ocrx_word' id='word_1_188' title='bbox 1480 1524 1635 1581; x_wconf 89' lang='lat' dir='ltr'><strong>nullatenus</strong></span> <span class='ocrx_word' id='word_1_189' title='bbox 1669 1526 1828 1595; x_wconf 84' lang='lat' dir='ltr'><strong>pertinere,</strong></span> 
     </span>
     <span class='ocr_line' id='line_1_27' title="bbox 1039 1618 1829 1689; baseline 0 -16"><span class='ocrx_word' id='word_1_190' title='bbox 1039 1618 1244 1689; x_wconf 77' lang='lat' dir='ltr'><strong>quodqucjllud</strong></span> <span class='ocrx_word' id='word_1_191' title='bbox 1259 1618 1293 1674; x_wconf 91' lang='lat' dir='ltr'><strong>de</strong></span> <span class='ocrx_word' id='word_1_192' title='bbox 1311 1626 1410 1675; x_wconf 79' lang='lat' dir='ltr'><strong>caetero</strong></span> <span class='ocrx_word' id='word_1_193' title='bbox 1429 1626 1525 1674; x_wconf 89' lang='lat' dir='ltr'><strong>eontra</strong></span> <span class='ocrx_word' id='word_1_194' title='bbox 1548 1631 1681 1686; x_wconf 86' lang='lat' dir='ltr'><strong>personas</strong></span> <span class='ocrx_word' id='word_1_195' title='bbox 1697 1618 1829 1674; x_wconf 88' lang='lat' dir='ltr'><strong>ccclesia·</strong></span> 
     </span>
     <span class='ocr_line' id='line_1_28' title="bbox 1039 1707 1829 1780; baseline 0 -15"><span class='ocrx_word' id='word_1_196' title='bbox 1039 1709 1123 1765; x_wconf 92' lang='lat' dir='ltr'><strong>sticas</strong></span> <span class='ocrx_word' id='word_1_197' title='bbox 1136 1708 1290 1765; x_wconf 90' lang='lat' dir='ltr'><strong>nullatenus</strong></span> <span class='ocrx_word' id='word_1_198' title='bbox 1299 1707 1429 1765; x_wconf 80' lang='lat' dir='ltr'><strong>larcietnus</strong></span> <span class='ocrx_word' id='word_1_199' title='bbox 1439 1709 1564 1780; x_wconf 91' lang='lat' dir='ltr'><strong>proponi.</strong></span> <span class='ocrx_word' id='word_1_200' title='bbox 1580 1707 1749 1765; x_wconf 87' lang='lat' dir='ltr'><strong>licvocnntes</strong></span> <span class='ocrx_word' id='word_1_201' title='bbox 1760 1724 1829 1780; x_wconf 81' lang='lat' dir='ltr'><strong>prae·</strong></span> 
     </span>
    </p>
   </div>
   <div class='ocr_carea' id='block_1_7' title="bbox 201 1779 1831 2059">
    <p class='ocr_par' dir='ltr' id='par_1_7' title="bbox 201 1779 1831 2059">
     <span class='ocr_line' id='line_1_29' title="bbox 201 1779 1830 1873; baseline -0.009 -15"><span class='ocrx_word' id='word_1_202' title='bbox 201 1800 322 1871; x_wconf 62' lang='lat' dir='ltr'><strong>S&#39;OEpcfiiii</strong></span> <span class='ocrx_word' id='word_1_203' title='bbox 345 1798 563 1868; x_wconf 66' lang='lat' dir='ltr'><strong>archiepiscopus</strong></span> <span class='ocrx_word' id='word_1_204' title='bbox 595 1805 622 1852; x_wconf 76' lang='lat' dir='ltr'><strong>ci.</strong></span> <span class='ocrx_word' id='word_1_205' title='bbox 652 1796 770 1867; x_wconf 71' lang='grc' dir='ltr'>θβὶὅῦθβῑ</span> <span class='ocrx_word' id='word_1_206' title='bbox 800 1795 984 1865; x_wconf 58' lang='lat' dir='ltr'><strong>praestabunt,</strong></span> <span class='ocrx_word' id='word_1_207' title='bbox 1002 1779 1025 1839; x_wconf 72' lang='lat' dir='ltr'>B</span> <span class='ocrx_word' id='word_1_208' title='bbox 1040 1808 1114 1857; x_wconf 67' lang='lat' dir='ltr'><strong>terea</strong></span> <span class='ocrx_word' id='word_1_209' title='bbox 1128 1800 1321 1873; x_wconf 65' lang='lat' dir='ltr'><strong>utlagationem</strong></span> <span class='ocrx_word' id='word_1_210' title='bbox 1340 1800 1469 1857; x_wconf 61' lang='lat' dir='ltr'><strong>laicorum</strong></span> <span class='ocrx_word' id='word_1_211' title='bbox 1493 1800 1527 1855; x_wconf 69' lang='lat' dir='ltr'><strong>agi</strong></span> <span class='ocrx_word' id='word_1_212' title='bbox 1541 1800 1593 1855; x_wconf 73' lang='lat'><strong>1100</strong></span> <span class='ocrx_word' id='word_1_213' title='bbox 1617 1802 1753 1871; x_wconf 58' lang='lat' dir='ltr'><strong>negotium</strong></span> <span class='ocrx_word' id='word_1_214' title='bbox 1766 1816 1830 1872; x_wconf 66' lang='lat' dir='ltr'><strong>pgr.</strong></span> 
     </span>
     <span class='ocr_line' id='line_1_30' title="bbox 202 1888 1830 1973; baseline -0.009 -22"><span class='ocrx_word' id='word_1_215' title='bbox 202 1894 278 1951; x_wconf 80' lang='lat' dir='ltr'><strong>salto</strong></span> <span class='ocrx_word' id='word_1_216' title='bbox 292 1893 392 1973; x_wconf 83' lang='lat' dir='ltr'><strong>ltottttle</strong></span> <span class='ocrx_word' id='word_1_217' title='bbox 407 1890 453 1946; x_wconf 82' lang='lat' dir='ltr'><strong>liei</strong></span> <span class='ocrx_word' id='word_1_218' title='bbox 466 1899 494 1945; x_wconf 87' lang='lat' dir='ltr'><strong>ei</strong></span> <span class='ocrx_word' id='word_1_219' title='bbox 516 1888 654 1956; x_wconf 82' lang='lat' dir='ltr'><strong>Ecclesiae,</strong></span> <span class='ocrx_word' id='word_1_220' title='bbox 665 1888 825 1959; x_wconf 74' lang='lat' dir='ltr'><strong>juratoriam</strong></span> <span class='ocrx_word' id='word_1_221' title='bbox 840 1897 867 1944; x_wconf 83' lang='lat' dir='ltr'><strong>ei</strong></span> <span class='ocrx_word' id='word_1_222' title='bbox 884 1889 987 1943; x_wconf 84' lang='lat' dir='ltr'><strong>littela-</strong></span> <span class='ocrx_word' id='word_1_223' title='bbox 1038 1892 1196 1961; x_wconf 70' lang='lat' dir='ltr'><strong>fidentium,</strong></span> <span class='ocrx_word' id='word_1_224' title='bbox 1215 1901 1243 1948; x_wconf 80' lang='lat' dir='ltr'><strong>et</strong></span> <span class='ocrx_word' id='word_1_225' title='bbox 1264 1892 1435 1947; x_wconf 79' lang='lat' dir='ltr'><strong>remittentes</strong></span> <span class='ocrx_word' id='word_1_226' title='bbox 1454 1890 1649 1960; x_wconf 63' lang='lat' dir='ltr'><strong>hominisque}</strong></span> <span class='ocrx_word' id='word_1_227' title='bbox 1670 1902 1732 1961; x_wconf 82' lang='lat' dir='ltr'><strong>post</strong></span> <span class='ocrx_word' id='word_1_228' title='bbox 1745 1892 1830 1947; x_wconf 74' lang='lat' dir='ltr'><strong>inter.</strong></span> 
     </span>
     <span class='ocr_line' id='line_1_31' title="bbox 203 1978 1831 2059; baseline 0.001 -20"><span class='ocrx_word' id='word_1_229' title='bbox 203 1985 299 2039; x_wconf 88' lang='lat' dir='ltr'><strong>loriam</strong></span> <span class='ocrx_word' id='word_1_230' title='bbox 322 1983 475 2037; x_wconf 90' lang='lat' dir='ltr'><strong>cautionem</strong></span> <span class='ocrx_word' id='word_1_231' title='bbox 506 1981 578 2052; x_wconf 90' lang='lat' dir='ltr'><strong>qnod</strong></span> <span class='ocrx_word' id='word_1_232' title='bbox 601 1978 651 2051; x_wconf 88' lang='lat' dir='ltr'><strong>ipsi</strong></span> <span class='ocrx_word' id='word_1_233' title='bbox 671 1994 721 2037; x_wconf 90' lang='lat' dir='ltr'><strong>nce</strong></span> <span class='ocrx_word' id='word_1_234' title='bbox 746 1995 793 2051; x_wconf 88' lang='lat' dir='ltr'><strong>par</strong></span> <span class='ocrx_word' id='word_1_235' title='bbox 808 1994 840 2059; x_wconf 83' lang='lat' dir='ltr'><strong>se</strong></span> <span class='ocrx_word' id='word_1_236' title='bbox 863 1994 913 2035; x_wconf 90' lang='lat' dir='ltr'><strong>nec</strong></span> <span class='ocrx_word' id='word_1_237' title='bbox 940 1995 988 2053; x_wconf 91' lang='lat' dir='ltr'><strong>per</strong></span> <span class='ocrx_word' id='word_1_238' title='bbox 1039 1984 1143 2041; x_wconf 90' lang='lat' dir='ltr'><strong>dictum</strong></span> <span class='ocrx_word' id='word_1_239' title='bbox 1159 1984 1307 2055; x_wconf 85' lang='lat' dir='ltr'><strong>rccipirnus</strong></span> <span class='ocrx_word' id='word_1_240' title='bbox 1319 1985 1355 2039; x_wconf 91' lang='lat' dir='ltr'><strong>ab</strong></span> <span class='ocrx_word' id='word_1_241' title='bbox 1368 1984 1545 2040; x_wconf 89' lang='lat' dir='ltr'><strong>ecclesiaram</strong></span> <span class='ocrx_word' id='word_1_242' title='bbox 1561 1984 1716 2039; x_wconf 87' lang='lat' dir='ltr'><strong>bominibus</strong></span> <span class='ocrx_word' id='word_1_243' title='bbox 1730 1994 1831 2055; x_wconf 80' lang='lat' dir='ltr'><strong>practer</strong></span> 
     </span>
    </p>
   </div>
   <div class='ocr_carea' id='block_1_8' title="bbox 200 2072 989 3055">
    <p class='ocr_par' dir='ltr' id='par_1_8' title="bbox 200 2072 989 3055">
     <span class='ocr_line' id='line_1_32' title="bbox 202 2072 986 2145; baseline -0.005 -14"><span class='ocrx_word' id='word_1_244' title='bbox 202 2077 269 2131; x_wconf 89' lang='lat' dir='ltr'><strong>alios</strong></span> <span class='ocrx_word' id='word_1_245' title='bbox 305 2086 399 2131; x_wconf 88' lang='lat' dir='ltr'><strong>cotnra</strong></span> <span class='ocrx_word' id='word_1_246' title='bbox 433 2088 576 2145; x_wconf 87' lang='lat' dir='ltr'><strong>personam</strong></span> <span class='ocrx_word' id='word_1_247' title='bbox 613 2072 654 2128; x_wconf 90' lang='lat' dir='ltr'><strong>vel</strong></span> <span class='ocrx_word' id='word_1_248' title='bbox 693 2087 822 2129; x_wconf 89' lang='lat' dir='ltr'><strong>coronam</strong></span> <span class='ocrx_word' id='word_1_249' title='bbox 864 2078 986 2127; x_wconf 88' lang='lat' dir='ltr'><strong>nostrata</strong></span> 
     </span>
     <span class='ocr_line' id='line_1_33' title="bbox 201 2162 986 2241; baseline -0.01 -18"><span class='ocrx_word' id='word_1_250' title='bbox 201 2166 302 2237; x_wconf 89' lang='lat' dir='ltr'><strong>aliquid</strong></span> <span class='ocrx_word' id='word_1_251' title='bbox 332 2165 512 2241; x_wconf 70' lang='lat' dir='ltr'><strong>attentabunt,</strong></span> <span class='ocrx_word' id='word_1_252' title='bbox 544 2164 621 2220; x_wconf 91' lang='lat' dir='ltr'><strong>nobis</strong></span> <span class='ocrx_word' id='word_1_253' title='bbox 652 2164 807 2235; x_wconf 83' lang='lat' dir='ltr'><strong>pradictum</strong></span> <span class='ocrx_word' id='word_1_254' title='bbox 834 2162 875 2219; x_wconf 90' lang='lat' dir='ltr'><strong>eis</strong></span> <span class='ocrx_word' id='word_1_255' title='bbox 905 2176 986 2218; x_wconf 84' lang='lat' dir='ltr'><strong>secu·</strong></span> 
     </span>
     <span class='ocr_line' id='line_1_34' title="bbox 201 2255 988 2328; baseline -0.005 -14"><span class='ocrx_word' id='word_1_256' title='bbox 201 2261 308 2314; x_wconf 86' lang='lat' dir='ltr'><strong>ritatem</strong></span> <span class='ocrx_word' id='word_1_257' title='bbox 348 2266 376 2314; x_wconf 90' lang='lat' dir='ltr'><strong>et</strong></span> <span class='ocrx_word' id='word_1_258' title='bbox 413 2274 507 2328; x_wconf 88' lang='lat' dir='ltr'><strong>pacem</strong></span> <span class='ocrx_word' id='word_1_259' title='bbox 557 2258 730 2314; x_wconf 89' lang='lat' dir='ltr'><strong>servantibus</strong></span> <span class='ocrx_word' id='word_1_260' title='bbox 775 2256 915 2311; x_wconf 81' lang='lat' dir='ltr'><strong>illibatam.</strong></span> <span class='ocrx_word' id='word_1_261' title='bbox 950 2255 988 2310; x_wconf 85' lang='lat' dir='ltr'><strong>ue</strong></span> 
     </span>
     <span class='ocr_line' id='line_1_35' title="bbox 202 2345 988 2419; baseline -0.009 -14"><span class='ocrx_word' id='word_1_262' title='bbox 202 2349 301 2405; x_wconf 90' lang='lat' dir='ltr'><strong>ablatis</strong></span> <span class='ocrx_word' id='word_1_263' title='bbox 325 2360 415 2405; x_wconf 90' lang='lat' dir='ltr'><strong>autern</strong></span> <span class='ocrx_word' id='word_1_264' title='bbox 437 2348 546 2419; x_wconf 92' lang='lat' dir='ltr'><strong>plenam</strong></span> <span class='ocrx_word' id='word_1_265' title='bbox 571 2346 769 2403; x_wconf 88' lang='lat' dir='ltr'><strong>restitutionem</strong></span> <span class='ocrx_word' id='word_1_266' title='bbox 793 2353 821 2398; x_wconf 95' lang='lat' dir='ltr'><strong>ct</strong></span> <span class='ocrx_word' id='word_1_267' title='bbox 835 2345 869 2399; x_wconf 87' lang='lat' dir='ltr'><strong>de</strong></span> <span class='ocrx_word' id='word_1_268' title='bbox 881 2345 988 2399; x_wconf 90' lang='lat' dir='ltr'><strong>damnis</strong></span> 
     </span>
     <span class='ocr_line' id='line_1_36' title="bbox 201 2436 988 2510; baseline -0.006 -14"><span class='ocrx_word' id='word_1_269' title='bbox 201 2440 482 2510; x_wconf 87' lang='lat' dir='ltr'><strong>recompensationem</strong></span> <span class='ocrx_word' id='word_1_270' title='bbox 516 2438 694 2496; x_wconf 87' lang='lat' dir='ltr'><strong>sufficientem</strong></span> <span class='ocrx_word' id='word_1_271' title='bbox 725 2436 852 2493; x_wconf 92' lang='lat' dir='ltr'><strong>omnibus</strong></span> <span class='ocrx_word' id='word_1_272' title='bbox 884 2436 988 2505; x_wconf 88' lang='lat' dir='ltr'><strong>impen-</strong></span> 
     </span>
     <span class='ocr_line' id='line_1_37' title="bbox 201 2528 987 2601; baseline -0.008 -12"><span class='ocrx_word' id='word_1_273' title='bbox 201 2534 307 2599; x_wconf 86' lang='lat' dir='ltr'><strong>demus,</strong></span> <span class='ocrx_word' id='word_1_274' title='bbox 323 2542 377 2588; x_wconf 89' lang='lat' dir='ltr'><strong>tarn</strong></span> <span class='ocrx_word' id='word_1_275' title='bbox 391 2532 499 2589; x_wconf 87' lang='lat' dir='ltr'><strong>clericis</strong></span> <span class='ocrx_word' id='word_1_276' title='bbox 512 2532 638 2587; x_wconf 92' lang='lat' dir='ltr'><strong>omnibus</strong></span> <span class='ocrx_word' id='word_1_277' title='bbox 651 2545 731 2601; x_wconf 90' lang='lat' dir='ltr'><strong>quam</strong></span> <span class='ocrx_word' id='word_1_278' title='bbox 743 2530 826 2585; x_wconf 89' lang='lat' dir='ltr'><strong>etiarn</strong></span> <span class='ocrx_word' id='word_1_279' title='bbox 842 2528 918 2585; x_wconf 87' lang='lat' dir='ltr'><strong>laicis</strong></span> <span class='ocrx_word' id='word_1_280' title='bbox 929 2528 987 2584; x_wconf 92' lang='lat' dir='ltr'><strong>uni·</strong></span> 
     </span>
     <span class='ocr_line' id='line_1_38' title="bbox 200 2622 988 2695; baseline -0.005 -14"><span class='ocrx_word' id='word_1_281' title='bbox 200 2625 288 2681; x_wconf 78' lang='lat' dir='ltr'><strong>versis</strong></span> <span class='ocrx_word' id='word_1_282' title='bbox 313 2624 419 2679; x_wconf 88' lang='lat' dir='ltr'><strong>adhoc</strong></span> <span class='ocrx_word' id='word_1_283' title='bbox 441 2625 578 2695; x_wconf 78' lang='lat' dir='ltr'><strong>negotium</strong></span> <span class='ocrx_word' id='word_1_284' title='bbox 594 2622 802 2695; x_wconf 89' lang='lat' dir='ltr'><strong>pertinentibus,</strong></span> <span class='ocrx_word' id='word_1_285' title='bbox 823 2637 875 2677; x_wconf 92' lang='lat' dir='ltr'><strong>non</strong></span> <span class='ocrx_word' id='word_1_286' title='bbox 899 2622 988 2677; x_wconf 88' lang='lat' dir='ltr'><strong>solnm</strong></span> 
     </span>
     <span class='ocr_line' id='line_1_39' title="bbox 200 2713 988 2781; baseline -0.003 -10"><span class='ocrx_word' id='word_1_287' title='bbox 200 2730 301 2781; x_wconf 89' lang='lat' dir='ltr'><strong>rerum,</strong></span> <span class='ocrx_word' id='word_1_288' title='bbox 319 2715 365 2770; x_wconf 91' lang='lat' dir='ltr'><strong>sed</strong></span> <span class='ocrx_word' id='word_1_289' title='bbox 384 2714 465 2770; x_wconf 89' lang='lat' dir='ltr'><strong>etiam</strong></span> <span class='ocrx_word' id='word_1_290' title='bbox 481 2713 651 2778; x_wconf 89' lang='lat' dir='ltr'><strong>libertatum,</strong></span> <span class='ocrx_word' id='word_1_291' title='bbox 672 2721 701 2769; x_wconf 89' lang='lat' dir='ltr'><strong>et</strong></span> <span class='ocrx_word' id='word_1_292' title='bbox 726 2714 988 2769; x_wconf 90' lang='lat' dir='ltr'><strong>restitutascouser-</strong></span> 
     </span>
     <span class='ocr_line' id='line_1_40' title="bbox 200 2802 989 2873; baseline -0.003 -15"><span class='ocrx_word' id='word_1_293' title='bbox 200 2807 324 2861; x_wconf 90' lang='lat' dir='ltr'><strong>vabinrus</strong></span> <span class='ocrx_word' id='word_1_294' title='bbox 343 2804 493 2869; x_wconf 89' lang='lat' dir='ltr'><strong>libertates,</strong></span> <span class='ocrx_word' id='word_1_295' title='bbox 515 2804 722 2873; x_wconf 86' lang='lat' dir='ltr'><strong>archiepiscopo</strong></span> <span class='ocrx_word' id='word_1_296' title='bbox 748 2802 857 2871; x_wconf 91' lang='lat' dir='ltr'><strong>quidem</strong></span> <span class='ocrx_word' id='word_1_297' title='bbox 882 2810 909 2857; x_wconf 93' lang='lat' dir='ltr'><strong>et</strong></span> <span class='ocrx_word' id='word_1_298' title='bbox 930 2802 989 2873; x_wconf 90' lang='lat' dir='ltr'><strong>epi·</strong></span> 
     </span>
     <span class='ocr_line' id='line_1_41' title="bbox 201 2890 988 2965; baseline -0.005 -13"><span class='ocrx_word' id='word_1_299' title='bbox 201 2894 495 2965; x_wconf 88' lang='lat' dir='ltr'><strong>scopoLincolniensia</strong></span> <span class='ocrx_word' id='word_1_300' title='bbox 509 2902 627 2963; x_wconf 90' lang='lat' dir='ltr'><strong>tetnpore</strong></span> <span class='ocrx_word' id='word_1_301' title='bbox 635 2890 912 2948; x_wconf 83' lang='lat' dir='ltr'><strong>suaecoudrruationis</strong></span> <span class='ocrx_word' id='word_1_302' title='bbox 920 2892 988 2964; x_wconf 85' lang='grc'><strong>(96),</strong></span> 
     </span>
     <span class='ocr_line' id='line_1_42' title="bbox 200 2984 988 3055; baseline -0.006 -10"><span class='ocrx_word' id='word_1_303' title='bbox 200 2990 262 3046; x_wconf 89' lang='lat' dir='ltr'><strong>aliis</strong></span> <span class='ocrx_word' id='word_1_304' title='bbox 290 2998 381 3044; x_wconf 87' lang='lat' dir='ltr'><strong>arrtcnr</strong></span> <span class='ocrx_word' id='word_1_305' title='bbox 408 3002 422 3041; x_wconf 93' lang='lat' dir='ltr'><strong>a</strong></span> <span class='ocrx_word' id='word_1_306' title='bbox 454 2996 575 3055; x_wconf 86' lang='lat' dir='ltr'><strong>ternpore</strong></span> <span class='ocrx_word' id='word_1_307' title='bbox 608 2984 750 3041; x_wconf 89' lang='lat' dir='ltr'><strong>discordiae</strong></span> <span class='ocrx_word' id='word_1_308' title='bbox 777 2984 918 3041; x_wconf 82' lang='lat' dir='ltr'><strong>inchoatae.</strong></span> <span class='ocrx_word' id='word_1_309' title='bbox 934 2984 988 3041; x_wconf 85' lang='lat' dir='ltr'><strong>Nec</strong></span> 
     </span>
    </p>
   </div>
   <div class='ocr_carea' id='block_1_9' title="bbox 1038 2074 1830 2512">
    <p class='ocr_par' dir='ltr' id='par_1_9' title="bbox 1038 2074 1830 2512">
     <span class='ocr_line' id='line_1_43' title="bbox 1039 2074 1828 2144; baseline 0.001 -14"><span class='ocrx_word' id='word_1_310' title='bbox 1039 2077 1116 2144; x_wconf 91' lang='lat' dir='ltr'><strong>regni</strong></span> <span class='ocrx_word' id='word_1_311' title='bbox 1137 2074 1362 2133; x_wconf 88' lang='lat' dir='ltr'><strong>consuetudinem</strong></span> <span class='ocrx_word' id='word_1_312' title='bbox 1382 2085 1410 2133; x_wconf 89' lang='lat' dir='ltr'><strong>et</strong></span> <span class='ocrx_word' id='word_1_313' title='bbox 1433 2076 1647 2132; x_wconf 87' lang='lat' dir='ltr'><strong>ecclesiasticam</strong></span> <span class='ocrx_word' id='word_1_314' title='bbox 1664 2076 1828 2133; x_wconf 89' lang='lat' dir='ltr'><strong>libertatem.</strong></span> 
     </span>
     <span class='ocr_line' id='line_1_44' title="bbox 1040 2164 1829 2237; baseline -0.001 -16"><span class='ocrx_word' id='word_1_315' title='bbox 1040 2164 1069 2221; x_wconf 83' lang='lat' dir='ltr'><strong>Si</strong></span> <span class='ocrx_word' id='word_1_316' title='bbox 1081 2180 1244 2237; x_wconf 81' lang='lat' dir='ltr'><strong>verosuper</strong></span> <span class='ocrx_word' id='word_1_317' title='bbox 1255 2166 1363 2221; x_wconf 77' lang='lat' dir='ltr'><strong>damulis</strong></span> <span class='ocrx_word' id='word_1_318' title='bbox 1377 2165 1421 2223; x_wconf 91' lang='lat' dir='ltr'><strong>vel</strong></span> <span class='ocrx_word' id='word_1_319' title='bbox 1436 2164 1535 2221; x_wconf 91' lang='lat' dir='ltr'><strong>ablatis</strong></span> <span class='ocrx_word' id='word_1_320' title='bbox 1557 2175 1605 2221; x_wconf 89' lang='lat' dir='ltr'><strong>aut</strong></span> <span class='ocrx_word' id='word_1_321' title='bbox 1624 2180 1718 2221; x_wconf 90' lang='lat' dir='ltr'><strong>eornm</strong></span> <span class='ocrx_word' id='word_1_322' title='bbox 1740 2180 1829 2235; x_wconf 90' lang='lat' dir='ltr'><strong>qnan-</strong></span> 
     </span>
     <span class='ocr_line' id='line_1_45' title="bbox 1040 2255 1825 2327; baseline -0.003 -13"><span class='ocrx_word' id='word_1_323' title='bbox 1040 2258 1119 2314; x_wconf 88' lang='lat' dir='ltr'><strong>litate</strong></span> <span class='ocrx_word' id='word_1_324' title='bbox 1131 2257 1172 2312; x_wconf 90' lang='lat' dir='ltr'><strong>vel</strong></span> <span class='ocrx_word' id='word_1_325' title='bbox 1186 2257 1366 2313; x_wconf 69' lang='lat' dir='ltr'><strong>estimatione</strong></span> <span class='ocrx_word' id='word_1_326' title='bbox 1384 2256 1497 2327; x_wconf 69' lang='lat' dir='ltr'><strong>quaestio</strong></span> <span class='ocrx_word' id='word_1_327' title='bbox 1520 2255 1603 2313; x_wconf 88' lang='lat' dir='ltr'><strong>luerit</strong></span> <span class='ocrx_word' id='word_1_328' title='bbox 1625 2257 1659 2312; x_wconf 87' lang='lat' dir='ltr'><strong>tle</strong></span> <span class='ocrx_word' id='word_1_329' title='bbox 1685 2257 1756 2313; x_wconf 88' lang='lat' dir='ltr'><strong>lacto</strong></span> <span class='ocrx_word' id='word_1_330' title='bbox 1778 2275 1825 2315; x_wconf 88' lang='lat' dir='ltr'><strong>su·</strong></span> 
     </span>
     <span class='ocr_line' id='line_1_46' title="bbox 1038 2348 1830 2421; baseline 0.001 -16"><span class='ocrx_word' id='word_1_331' title='bbox 1038 2350 1128 2413; x_wconf 92' lang='lat' dir='ltr'><strong>borta,</strong></span> <span class='ocrx_word' id='word_1_332' title='bbox 1141 2364 1190 2419; x_wconf 90' lang='lat' dir='ltr'><strong>per</strong></span> <span class='ocrx_word' id='word_1_333' title='bbox 1205 2348 1322 2418; x_wconf 87' lang='lat' dir='ltr'><strong>legatum</strong></span> <span class='ocrx_word' id='word_1_334' title='bbox 1340 2348 1382 2403; x_wconf 91' lang='lat' dir='ltr'><strong>vcl</strong></span> <span class='ocrx_word' id='word_1_335' title='bbox 1403 2348 1554 2419; x_wconf 88' lang='lat' dir='ltr'><strong>delegatum</strong></span> <span class='ocrx_word' id='word_1_336' title='bbox 1569 2349 1671 2406; x_wconf 86' lang='lat' dir='ltr'><strong>domini</strong></span> <span class='ocrx_word' id='word_1_337' title='bbox 1696 2364 1772 2421; x_wconf 76' lang='lat' dir='ltr'><strong>paprc</strong></span> <span class='ocrx_word' id='word_1_338' title='bbox 1787 2365 1830 2406; x_wconf 89' lang='lat' dir='ltr'><strong>rc·</strong></span> 
     </span>
     <span class='ocr_line' id='line_1_47' title="bbox 1041 2439 1829 2512; baseline 0.003 -15"><span class='ocrx_word' id='word_1_339' title='bbox 1041 2441 1126 2512; x_wconf 87' lang='lat' dir='ltr'><strong>ceptis</strong></span> <span class='ocrx_word' id='word_1_340' title='bbox 1156 2440 1362 2511; x_wconf 88' lang='lat' dir='ltr'><strong>probationibus</strong></span> <span class='ocrx_word' id='word_1_341' title='bbox 1395 2439 1503 2510; x_wconf 85' lang='lat' dir='ltr'><strong>publice</strong></span> <span class='ocrx_word' id='word_1_342' title='bbox 1530 2443 1700 2497; x_wconf 88' lang='lat' dir='ltr'><strong>terminetur.</strong></span> <span class='ocrx_word' id='word_1_343' title='bbox 1726 2442 1759 2498; x_wconf 82' lang='lat' dir='ltr'><strong>Et</strong></span> <span class='ocrx_word' id='word_1_344' title='bbox 1786 2444 1829 2499; x_wconf 89' lang='lat' dir='ltr'><strong>bis</strong></span> 
     </span>
    </p>
   </div>
   <div class='ocr_carea' id='block_1_10' title="bbox 1032 2530 1829 2600">
    <p class='ocr_par' dir='ltr' id='par_1_10' title="bbox 1032 2530 1829 2600">
     <span class='ocr_line' id='line_1_48' title="bbox 1032 2530 1829 2600; baseline 0.005 -15"><span class='ocrx_word' id='word_1_345' title='bbox 1032 2531 1166 2585; x_wconf 88' lang='lat' dir='ltr'><strong>omnibus</strong></span> <span class='ocrx_word' id='word_1_346' title='bbox 1181 2531 1232 2585; x_wconf 89' lang='lat' dir='ltr'><strong>rite</strong></span> <span class='ocrx_word' id='word_1_347' title='bbox 1246 2530 1379 2600; x_wconf 88' lang='lat' dir='ltr'><strong>peractis,</strong></span> <span class='ocrx_word' id='word_1_348' title='bbox 1394 2530 1563 2587; x_wconf 81' lang='lat' dir='ltr'><strong>relaxabitur</strong></span> <span class='ocrx_word' id='word_1_349' title='bbox 1584 2533 1719 2589; x_wconf 89' lang='lat' dir='ltr'><strong>sententia</strong></span> <span class='ocrx_word' id='word_1_350' title='bbox 1742 2535 1829 2589; x_wconf 90' lang='lat' dir='ltr'><strong>intcr·</strong></span> 
     </span>
    </p>
   </div>
   <div class='ocr_carea' id='block_1_11' title="bbox 1040 2619 1831 3059">
    <p class='ocr_par' dir='ltr' id='par_1_11' title="bbox 1040 2619 1831 3059">
     <span class='ocr_line' id='line_1_49' title="bbox 1041 2619 1829 2693; baseline 0.005 -18"><span class='ocrx_word' id='word_1_351' title='bbox 1041 2619 1116 2677; x_wconf 89' lang='lat' dir='ltr'><strong>dicti.</strong></span> <span class='ocrx_word' id='word_1_352' title='bbox 1143 2619 1232 2690; x_wconf 89' lang='lat' dir='ltr'><strong>Super</strong></span> <span class='ocrx_word' id='word_1_353' title='bbox 1251 2619 1357 2676; x_wconf 67' lang='lat' dir='ltr'><strong>cacteris</strong></span> <span class='ocrx_word' id='word_1_354' title='bbox 1371 2630 1461 2677; x_wconf 90' lang='lat' dir='ltr'><strong>autern</strong></span> <span class='ocrx_word' id='word_1_355' title='bbox 1472 2622 1598 2692; x_wconf 90' lang='lat' dir='ltr'><strong>capitulis</strong></span> <span class='ocrx_word' id='word_1_356' title='bbox 1617 2622 1640 2677; x_wconf 90' lang='lat' dir='ltr'><strong>si</strong></span> <span class='ocrx_word' id='word_1_357' title='bbox 1653 2638 1714 2693; x_wconf 79' lang='lat' dir='ltr'><strong>qua</strong></span> <span class='ocrx_word' id='word_1_358' title='bbox 1726 2623 1829 2679; x_wconf 87' lang='lat' dir='ltr'><strong>luerint</strong></span> 
     </span>
     <span class='ocr_line' id='line_1_50' title="bbox 1040 2711 1829 2785; baseline 0.004 -17"><span class='ocrx_word' id='word_1_359' title='bbox 1040 2711 1224 2768; x_wconf 88' lang='lat' dir='ltr'><strong>dubitationes</strong></span> <span class='ocrx_word' id='word_1_360' title='bbox 1254 2713 1392 2781; x_wconf 80' lang='lat' dir='ltr'><strong>suborta,</strong></span> <span class='ocrx_word' id='word_1_361' title='bbox 1418 2714 1575 2785; x_wconf 87' lang='lat' dir='ltr'><strong>dequibus</strong></span> <span class='ocrx_word' id='word_1_362' title='bbox 1609 2714 1706 2770; x_wconf 87' lang='lat' dir='ltr'><strong>merito</strong></span> <span class='ocrx_word' id='word_1_363' title='bbox 1740 2715 1829 2771; x_wconf 90' lang='lat' dir='ltr'><strong>valeat</strong></span> 
     </span>
     <span class='ocr_line' id='line_1_51' title="bbox 1040 2804 1831 2878; baseline 0 -17"><span class='ocrx_word' id='word_1_364' title='bbox 1040 2804 1170 2872; x_wconf 90' lang='lat' dir='ltr'><strong>dubitari,</strong></span> <span class='ocrx_word' id='word_1_365' title='bbox 1199 2806 1251 2862; x_wconf 91' lang='lat' dir='ltr'><strong>nisi</strong></span> <span class='ocrx_word' id='word_1_366' title='bbox 1280 2822 1330 2877; x_wconf 90' lang='lat' dir='ltr'><strong>per</strong></span> <span class='ocrx_word' id='word_1_367' title='bbox 1355 2805 1473 2878; x_wconf 90' lang='lat' dir='ltr'><strong>legatum</strong></span> <span class='ocrx_word' id='word_1_368' title='bbox 1497 2806 1538 2861; x_wconf 94' lang='lat' dir='ltr'><strong>vcl</strong></span> <span class='ocrx_word' id='word_1_369' title='bbox 1554 2804 1706 2877; x_wconf 88' lang='lat' dir='ltr'><strong>delegatum</strong></span> <span class='ocrx_word' id='word_1_370' title='bbox 1727 2806 1831 2863; x_wconf 89' lang='lat' dir='ltr'><strong>domini</strong></span> 
     </span>
     <span class='ocr_line' id='line_1_52' title="bbox 1040 2880 1829 2971; baseline 0 -16"><span class='ocrx_word' id='word_1_371' title='bbox 1040 2914 1117 2970; x_wconf 76' lang='lat' dir='ltr'><strong>papae</strong></span> <span class='ocrx_word' id='word_1_372' title='bbox 1142 2898 1176 2954; x_wconf 90' lang='lat' dir='ltr'><strong>de</strong></span> <span class='ocrx_word' id='word_1_373' title='bbox 1205 2900 1323 2969; x_wconf 87' lang='lat' dir='ltr'><strong>partiunt</strong></span> <span class='ocrx_word' id='word_1_374' title='bbox 1352 2898 1454 2954; x_wconf 86' lang='lat' dir='ltr'><strong>luerint</strong></span> <span class='ocrx_word' id='word_1_375' title='bbox 1478 2898 1617 2956; x_wconf 89' lang='lat' dir='ltr'><strong>voluntate</strong></span> <span class='ocrx_word' id='word_1_376' title='bbox 1645 2880 1756 2971; x_wconf 76' lang='lat' dir='ltr'><strong>sopita,</strong></span> <span class='ocrx_word' id='word_1_377' title='bbox 1793 2902 1829 2955; x_wconf 86' lang='lat' dir='ltr'><strong>ati</strong></span> 
     </span>
     <span class='ocr_line' id='line_1_53' title="bbox 1040 2988 1829 3059; baseline 0.001 -16"><span class='ocrx_word' id='word_1_378' title='bbox 1040 2989 1125 3058; x_wconf 86' lang='lat' dir='ltr'><strong>ipsius</strong></span> <span class='ocrx_word' id='word_1_379' title='bbox 1141 2989 1292 3045; x_wconf 86' lang='lat' dir='ltr'><strong>relevantur</strong></span> <span class='ocrx_word' id='word_1_380' title='bbox 1314 2988 1473 3052; x_wconf 89' lang='lat' dir='ltr'><strong>arbitrium,</strong></span> <span class='ocrx_word' id='word_1_381' title='bbox 1489 2996 1519 3042; x_wconf 94' lang='lat' dir='ltr'><strong>ut</strong></span> <span class='ocrx_word' id='word_1_382' title='bbox 1543 3001 1625 3059; x_wconf 88' lang='lat' dir='ltr'><strong>super</strong></span> <span class='ocrx_word' id='word_1_383' title='bbox 1637 2988 1671 3044; x_wconf 92' lang='lat' dir='ltr'><strong>iis</strong></span> <span class='ocrx_word' id='word_1_384' title='bbox 1684 2989 1757 3058; x_wconf 88' lang='lat' dir='ltr'><strong>qood</strong></span> <span class='ocrx_word' id='word_1_385' title='bbox 1770 2988 1829 3059; x_wconf 85' lang='lat' dir='ltr'><strong>ipse</strong></span> 
     </span>
    </p>
   </div>
   <div class='ocr_carea' id='block_1_12' title="bbox 199 3070 1829 3150">
    <p class='ocr_par' dir='ltr' id='par_1_12' title="bbox 199 3070 1829 3150">
     <span class='ocr_line' id='line_1_54' title="bbox 199 3070 1829 3150; baseline -0.001 -13"><span class='ocrx_word' id='word_1_386' title='bbox 199 3080 319 3137; x_wconf 87' lang='lat' dir='ltr'><strong>obstabit</strong></span> <span class='ocrx_word' id='word_1_387' title='bbox 336 3078 426 3149; x_wconf 86' lang='lat' dir='ltr'><strong>aliqua</strong></span> <span class='ocrx_word' id='word_1_388' title='bbox 441 3076 530 3147; x_wconf 90' lang='lat' dir='ltr'><strong>pactio</strong></span> <span class='ocrx_word' id='word_1_389' title='bbox 551 3076 592 3132; x_wconf 90' lang='lat' dir='ltr'><strong>vel</strong></span> <span class='ocrx_word' id='word_1_390' title='bbox 611 3076 756 3145; x_wconf 88' lang='lat' dir='ltr'><strong>promissio</strong></span> <span class='ocrx_word' id='word_1_391' title='bbox 776 3090 824 3131; x_wconf 87' lang='lat' dir='ltr'><strong>seu</strong></span> <span class='ocrx_word' id='word_1_392' title='bbox 846 3070 1021 3133; x_wconf 68' lang='lat' dir='ltr'><strong>concessisti</strong></span> <span class='ocrx_word' id='word_1_393' title='bbox 1039 3079 1458 3137; x_wconf 85' lang='lat' dir='ltr'><strong>decretoritobservetur.l&#39;estc</strong></span> <span class='ocrx_word' id='word_1_394' title='bbox 1473 3094 1516 3133; x_wconf 89' lang='lat' dir='ltr'><strong>me</strong></span> <span class='ocrx_word' id='word_1_395' title='bbox 1528 3078 1597 3149; x_wconf 91' lang='lat' dir='ltr'><strong>ipso,</strong></span> <span class='ocrx_word' id='word_1_396' title='bbox 1609 3081 1679 3150; x_wconf 91' lang='lat' dir='ltr'><strong>apud</strong></span> <span class='ocrx_word' id='word_1_397' title='bbox 1695 3081 1829 3137; x_wconf 86' lang='lat' dir='ltr'><strong>lloreram</strong></span> 
     </span>
    </p>
   </div>
   <div class='ocr_carea' id='block_1_13' title="bbox 199 3175 989 3700">
    <p class='ocr_par' dir='ltr' id='par_1_13' title="bbox 199 3175 989 3700">
     <span class='ocr_line' id='line_1_55' title="bbox 200 3175 989 3250; baseline 0.011 -24"><span class='ocrx_word' id='word_1_398' title='bbox 200 3188 254 3243; x_wconf 95' lang='lat' dir='ltr'><strong>quo</strong></span> <span class='ocrx_word' id='word_1_399' title='bbox 268 3175 356 3231; x_wconf 90' lang='lat' dir='ltr'><strong>rnirms</strong></span> <span class='ocrx_word' id='word_1_400' title='bbox 366 3187 393 3232; x_wconf 93' lang='lat' dir='ltr'><strong>et</strong></span> <span class='ocrx_word' id='word_1_401' title='bbox 407 3177 505 3234; x_wconf 87' lang='lat' dir='ltr'><strong>damna</strong></span> <span class='ocrx_word' id='word_1_402' title='bbox 519 3190 760 3250; x_wconf 87' lang='lat' dir='ltr'><strong>recompensentur</strong></span> <span class='ocrx_word' id='word_1_403' title='bbox 771 3188 799 3235; x_wconf 92' lang='lat' dir='ltr'><strong>et</strong></span> <span class='ocrx_word' id='word_1_404' title='bbox 811 3179 989 3236; x_wconf 90' lang='lat' dir='ltr'><strong>restituantur</strong></span> 
     </span>
     <span class='ocr_line' id='line_1_56' title="bbox 201 3263 988 3338; baseline 0.01 -22"><span class='ocrx_word' id='word_1_405' title='bbox 201 3263 290 3318; x_wconf 89' lang='lat' dir='ltr'><strong>ablata</strong></span> <span class='ocrx_word' id='word_1_406' title='bbox 303 3273 356 3320; x_wconf 88' lang='lat' dir='ltr'><strong>tarn</strong></span> <span class='ocrx_word' id='word_1_407' title='bbox 374 3267 497 3322; x_wconf 88' lang='lat' dir='ltr'><strong>vivorum</strong></span> <span class='ocrx_word' id='word_1_408' title='bbox 512 3283 592 3338; x_wconf 88' lang='lat' dir='ltr'><strong>quam</strong></span> <span class='ocrx_word' id='word_1_409' title='bbox 613 3268 694 3324; x_wconf 89' lang='lat' dir='ltr'><strong>etiam</strong></span> <span class='ocrx_word' id='word_1_410' title='bbox 714 3267 913 3324; x_wconf 82' lang='lat' dir='ltr'><strong>detunctorum.</strong></span> <span class='ocrx_word' id='word_1_411' title='bbox 934 3266 988 3324; x_wconf 88' lang='lat' dir='ltr'><strong>Neo</strong></span> 
     </span>
     <span class='ocr_line' id='line_1_57' title="bbox 200 3355 988 3432; baseline 0.006 -20"><span class='ocrx_word' id='word_1_412' title='bbox 200 3355 236 3412; x_wconf 87' lang='lat' dir='ltr'><strong>de</strong></span> <span class='ocrx_word' id='word_1_413' title='bbox 254 3356 288 3412; x_wconf 92' lang='lat' dir='ltr'><strong>iis</strong></span> <span class='ocrx_word' id='word_1_414' title='bbox 311 3357 412 3428; x_wconf 89' lang='lat' dir='ltr'><strong>aliquid</strong></span> <span class='ocrx_word' id='word_1_415' title='bbox 438 3361 616 3416; x_wconf 87' lang='lat' dir='ltr'><strong>retinebimus</strong></span> <span class='ocrx_word' id='word_1_416' title='bbox 634 3369 768 3432; x_wconf 72' lang='lat' dir='ltr'><strong>praetextu</strong></span> <span class='ocrx_word' id='word_1_417' title='bbox 789 3360 893 3416; x_wconf 85' lang='lat' dir='ltr'><strong>servitii</strong></span> <span class='ocrx_word' id='word_1_418' title='bbox 917 3361 988 3431; x_wconf 92' lang='lat' dir='ltr'><strong>quod</strong></span> 
     </span>
     <span class='ocr_line' id='line_1_58' title="bbox 201 3449 989 3524; baseline 0.004 -21"><span class='ocrx_word' id='word_1_419' title='bbox 201 3449 325 3504; x_wconf 86' lang='lat' dir='ltr'><strong>debuerit</strong></span> <span class='ocrx_word' id='word_1_420' title='bbox 350 3450 428 3507; x_wconf 90' lang='lat' dir='ltr'><strong>nobis</strong></span> <span class='ocrx_word' id='word_1_421' title='bbox 453 3451 581 3522; x_wconf 89' lang='lat' dir='ltr'><strong>impendi,</strong></span> <span class='ocrx_word' id='word_1_422' title='bbox 608 3455 656 3509; x_wconf 90' lang='lat' dir='ltr'><strong>sed</strong></span> <span class='ocrx_word' id='word_1_423' title='bbox 675 3461 768 3524; x_wconf 88' lang='lat' dir='ltr'><strong>postea</strong></span> <span class='ocrx_word' id='word_1_424' title='bbox 793 3453 883 3508; x_wconf 89' lang='lat' dir='ltr'><strong>debita</strong></span> <span class='ocrx_word' id='word_1_425' title='bbox 912 3452 989 3508; x_wconf 87' lang='lat' dir='ltr'><strong>nobis</strong></span> 
     </span>
     <span class='ocr_line' id='line_1_59' title="bbox 200 3539 989 3613; baseline 0.008 -22"><span class='ocrx_word' id='word_1_426' title='bbox 200 3550 251 3606; x_wconf 94' lang='lat' dir='ltr'><strong>pro</strong></span> <span class='ocrx_word' id='word_1_427' title='bbox 277 3539 387 3594; x_wconf 89' lang='lat' dir='ltr'><strong>servitio</strong></span> <span class='ocrx_word' id='word_1_428' title='bbox 416 3543 633 3612; x_wconf 88' lang='lat' dir='ltr'><strong>recompensatio</strong></span> <span class='ocrx_word' id='word_1_429' title='bbox 660 3543 805 3600; x_wconf 88' lang='lat' dir='ltr'><strong>tribuetur.</strong></span> <span class='ocrx_word' id='word_1_430' title='bbox 833 3541 989 3613; x_wconf 89' lang='lat' dir='ltr'><strong>Statimque</strong></span> 
     </span>
     <span class='ocr_line' id='line_1_60' title="bbox 199 3631 989 3700; baseline 0.004 -14"><span class='ocrx_word' id='word_1_431' title='bbox 199 3643 295 3686; x_wconf 87' lang='lat' dir='ltr'><strong>orrrnes</strong></span> <span class='ocrx_word' id='word_1_432' title='bbox 317 3645 385 3700; x_wconf 93' lang='lat' dir='ltr'><strong>quos</strong></span> <span class='ocrx_word' id='word_1_433' title='bbox 409 3631 560 3688; x_wconf 87' lang='lat' dir='ltr'><strong>detinemus</strong></span> <span class='ocrx_word' id='word_1_434' title='bbox 588 3633 702 3690; x_wconf 88' lang='lat' dir='ltr'><strong>clericos</strong></span> <span class='ocrx_word' id='word_1_435' title='bbox 722 3633 852 3690; x_wconf 84' lang='lat' dir='ltr'><strong>iaciemus</strong></span> <span class='ocrx_word' id='word_1_436' title='bbox 867 3635 989 3691; x_wconf 91' lang='lat' dir='ltr'><strong>absolute</strong></span> 
     </span>
    </p>
   </div>
   <div class='ocr_carea' id='block_1_14' title="bbox 1041 3171 1830 3705">
    <p class='ocr_par' dir='ltr' id='par_1_14' title="bbox 1041 3171 1830 3705">
     <span class='ocr_line' id='line_1_61' title="bbox 1041 3171 1811 3254; baseline 0.006 -26"><span class='ocrx_word' id='word_1_437' title='bbox 1041 3173 1073 3228; x_wconf 72' lang='lat' dir='ltr'><strong>ll</strong></span> <span class='ocrx_word' id='word_1_438' title='bbox 1094 3172 1137 3229; x_wconf 90' lang='lat' dir='ltr'><strong>die</strong></span> <span class='ocrx_word' id='word_1_439' title='bbox 1161 3172 1233 3238; x_wconf 86' lang='lat' dir='ltr'><strong>hlaii,</strong></span> <span class='ocrx_word' id='word_1_440' title='bbox 1262 3187 1334 3254; x_wconf 86' lang='lat' dir='ltr'><strong>anno</strong></span> <span class='ocrx_word' id='word_1_441' title='bbox 1359 3171 1434 3240; x_wconf 89' lang='lat' dir='ltr'><strong>regni</strong></span> <span class='ocrx_word' id='word_1_442' title='bbox 1464 3172 1549 3227; x_wconf 88' lang='lat' dir='ltr'><strong>nostri</strong></span> <span class='ocrx_word' id='word_1_443' title='bbox 1573 3182 1670 3244; x_wconf 88' lang='lat' dir='ltr'><strong>quarto</strong></span> <span class='ocrx_word' id='word_1_444' title='bbox 1694 3174 1811 3234; x_wconf 80' lang='lat' dir='ltr'><strong>decimo.</strong></span> 
     </span>
     <span class='ocr_line' id='line_1_62' title="bbox 1365 3261 1493 3321; baseline 0.031 -4"><span class='ocrx_word' id='word_1_445' title='bbox 1365 3261 1493 3321; x_wconf 73' lang='lat' dir='ltr'><strong>cxliiii.</strong></span> 
     </span>
     <span class='ocr_line' id='line_1_63' title="bbox 1260 3371 1605 3414; baseline -0.003 -1"><span class='ocrx_word' id='word_1_446' title='bbox 1260 3373 1385 3414; x_wconf 71' lang='lat' dir='ltr'><strong>urracam</strong></span> <span class='ocrx_word' id='word_1_447' title='bbox 1400 3371 1476 3412; x_wconf 82' lang='lat' dir='ltr'><strong>neers</strong></span> <span class='ocrx_word' id='word_1_448' title='bbox 1491 3373 1605 3413; x_wconf 77' lang='lat' dir='ltr'><strong>tustra.</strong></span> 
     </span>
     <span class='ocr_line' id='line_1_64' title="bbox 1328 3443 1629 3518; baseline -0.003 -15"><span class='ocrx_word' id='word_1_449' title='bbox 1328 3447 1416 3518; x_wconf 83' lang='lat' dir='ltr'><strong>Super</strong></span> <span class='ocrx_word' id='word_1_450' title='bbox 1430 3448 1530 3503; x_wconf 79' lang='lat' dir='ltr'><strong>eodem.</strong></span> <span class='ocrx_word' id='word_1_451' title='bbox 1626 3443 1629 3451; x_wconf 83' lang='lat'>&#39;</span> 
     </span>
     <span class='ocr_line' id='line_1_65' title="bbox 1260 3538 1737 3618; baseline -0.004 -24"><span class='ocrx_word' id='word_1_452' title='bbox 1260 3538 1604 3610; x_wconf 78' lang='lat' dir='ltr'><strong>(bovcrae,l5dichlnii)</strong></span> <span class='ocrx_word' id='word_1_453' title='bbox 1727 3597 1737 3618; x_wconf 49' lang='lat'><strong>·</strong></span> 
     </span>
     <span class='ocr_line' id='line_1_66' title="bbox 1075 3631 1830 3705; baseline 0.001 -17"><span class='ocrx_word' id='word_1_454' title='bbox 1075 3632 1131 3705; x_wconf 82' lang='lat' dir='ltr'><strong>(tl)</strong></span> <span class='ocrx_word' id='word_1_455' title='bbox 1150 3631 1280 3698; x_wconf 86' lang='lat' dir='ltr'><strong>ioannes,</strong></span> <span class='ocrx_word' id='word_1_456' title='bbox 1302 3631 1348 3686; x_wconf 85' lang='lat' dir='ltr'><strong>bei</strong></span> <span class='ocrx_word' id='word_1_457' title='bbox 1373 3632 1459 3702; x_wconf 91' lang='lat' dir='ltr'><strong>gratia</strong></span> <span class='ocrx_word' id='word_1_458' title='bbox 1482 3646 1529 3685; x_wconf 83' lang='lat' dir='ltr'><strong>ror</strong></span> <span class='ocrx_word' id='word_1_459' title='bbox 1557 3631 1678 3703; x_wconf 75' lang='lat' dir='ltr'><strong>Artgliac,</strong></span> <span class='ocrx_word' id='word_1_460' title='bbox 1704 3632 1830 3690; x_wconf 81' lang='lat' dir='ltr'><strong>dontinus</strong></span> 
     </span>
    </p>
   </div>
   <div class='ocr_carea' id='block_1_15' title="bbox 198 3721 1832 4528">
    <p class='ocr_par' dir='ltr' id='par_1_15' title="bbox 198 3721 1832 4528">
     <span class='ocr_line' id='line_1_67' title="bbox 203 3721 1832 3794; baseline 0.004 -19"><span class='ocrx_word' id='word_1_461' title='bbox 203 3721 302 3776; x_wconf 90' lang='lat' dir='ltr'><strong>dimitti</strong></span> <span class='ocrx_word' id='word_1_462' title='bbox 320 3736 352 3776; x_wconf 92' lang='lat' dir='ltr'><strong>ac</strong></span> <span class='ocrx_word' id='word_1_463' title='bbox 371 3722 477 3777; x_wconf 90' lang='lat' dir='ltr'><strong>restitui</strong></span> <span class='ocrx_word' id='word_1_464' title='bbox 494 3725 611 3794; x_wconf 75' lang='lat' dir='ltr'><strong>proprias</strong></span> <span class='ocrx_word' id='word_1_465' title='bbox 633 3725 762 3790; x_wconf 86' lang='lat' dir='ltr'><strong>libertati,</strong></span> <span class='ocrx_word' id='word_1_466' title='bbox 782 3735 808 3781; x_wconf 89' lang='lat' dir='ltr'><strong>et</strong></span> <span class='ocrx_word' id='word_1_467' title='bbox 831 3728 912 3781; x_wconf 88' lang='lat' dir='ltr'><strong>etiam</strong></span> <span class='ocrx_word' id='word_1_468' title='bbox 940 3725 989 3780; x_wconf 88' lang='lat' dir='ltr'><strong>lni-</strong></span> <span class='ocrx_word' id='word_1_469' title='bbox 1040 3725 1187 3793; x_wconf 69' lang='lat' dir='ltr'><strong>Hibernia),</strong></span> <span class='ocrx_word' id='word_1_470' title='bbox 1203 3726 1257 3778; x_wconf 83' lang='lat' dir='ltr'><strong>dux</strong></span> <span class='ocrx_word' id='word_1_471' title='bbox 1271 3723 1475 3780; x_wconf 82' lang='lat' dir='ltr'><strong>Northmanniae</strong></span> <span class='ocrx_word' id='word_1_472' title='bbox 1488 3723 1546 3793; x_wconf 87' lang='grc'><strong>(98)</strong></span> <span class='ocrx_word' id='word_1_473' title='bbox 1566 3732 1594 3778; x_wconf 90' lang='lat' dir='ltr'><strong>ct</strong></span> <span class='ocrx_word' id='word_1_474' title='bbox 1606 3722 1832 3793; x_wconf 81' lang='lat' dir='ltr'><strong>dqnitaniae,co-</strong></span> 
     </span>
     <span class='ocr_line' id='line_1_68' title="bbox 200 3810 1830 3886; baseline 0.003 -20"><span class='ocrx_word' id='word_1_475' title='bbox 200 3827 248 3867; x_wconf 92' lang='lat' dir='ltr'><strong>cos</strong></span> <span class='ocrx_word' id='word_1_476' title='bbox 265 3812 311 3884; x_wconf 88' lang='lat' dir='ltr'><strong>qui</strong></span> <span class='ocrx_word' id='word_1_477' title='bbox 325 3811 471 3867; x_wconf 87' lang='lat' dir='ltr'><strong>occasione</strong></span> <span class='ocrx_word' id='word_1_478' title='bbox 488 3810 569 3881; x_wconf 82' lang='lat' dir='ltr'><strong>lartius</strong></span> <span class='ocrx_word' id='word_1_479' title='bbox 584 3814 684 3886; x_wconf 90' lang='lat' dir='ltr'><strong>negotii</strong></span> <span class='ocrx_word' id='word_1_480' title='bbox 699 3814 866 3870; x_wconf 89' lang='lat' dir='ltr'><strong>detinentur.</strong></span> <span class='ocrx_word' id='word_1_481' title='bbox 890 3815 987 3870; x_wconf 92' lang='lat' dir='ltr'><strong>lncon·</strong></span> <span class='ocrx_word' id='word_1_482' title='bbox 1040 3829 1098 3870; x_wconf 87' lang='lat' dir='ltr'><strong>nres</strong></span> <span class='ocrx_word' id='word_1_483' title='bbox 1125 3814 1296 3884; x_wconf 76' lang='lat' dir='ltr'><strong>indagarier,</strong></span> <span class='ocrx_word' id='word_1_484' title='bbox 1321 3814 1448 3869; x_wconf 90' lang='lat' dir='ltr'><strong>amnibus</strong></span> <span class='ocrx_word' id='word_1_485' title='bbox 1475 3811 1577 3868; x_wconf 88' lang='lat' dir='ltr'><strong>christi</strong></span> <span class='ocrx_word' id='word_1_486' title='bbox 1606 3811 1729 3870; x_wconf 82' lang='lat' dir='ltr'><strong>fidelibus</strong></span> <span class='ocrx_word' id='word_1_487' title='bbox 1757 3830 1830 3885; x_wconf 69' lang='lat' dir='ltr'><strong>prae«</strong></span> 
     </span>
     <span class='ocr_line' id='line_1_69' title="bbox 201 3902 1829 3976; baseline 0.002 -18"><span class='ocrx_word' id='word_1_488' title='bbox 201 3903 296 3958; x_wconf 88' lang='lat' dir='ltr'><strong>tinenti</strong></span> <span class='ocrx_word' id='word_1_489' title='bbox 312 3919 420 3974; x_wconf 83' lang='lat' dir='ltr'><strong>qumque</strong></span> <span class='ocrx_word' id='word_1_490' title='bbox 442 3912 503 3973; x_wconf 90' lang='lat' dir='ltr'><strong>post</strong></span> <span class='ocrx_word' id='word_1_491' title='bbox 524 3907 670 3962; x_wconf 89' lang='lat' dir='ltr'><strong>adventurn</strong></span> <span class='ocrx_word' id='word_1_492' title='bbox 691 3907 764 3962; x_wconf 92' lang='lat' dir='ltr'><strong>illius</strong></span> <span class='ocrx_word' id='word_1_493' title='bbox 778 3907 825 3976; x_wconf 92' lang='lat' dir='ltr'><strong>qui</strong></span> <span class='ocrx_word' id='word_1_494' title='bbox 840 3923 889 3964; x_wconf 89' lang='lat' dir='ltr'><strong>nos</strong></span> <span class='ocrx_word' id='word_1_495' title='bbox 908 3908 988 3962; x_wconf 91' lang='lat' dir='ltr'><strong>debe-</strong></span> <span class='ocrx_word' id='word_1_496' title='bbox 1040 3917 1144 3960; x_wconf 90' lang='lat' dir='ltr'><strong>scntetn</strong></span> <span class='ocrx_word' id='word_1_497' title='bbox 1169 3905 1292 3958; x_wconf 82' lang='lat' dir='ltr'><strong>clurrtam</strong></span> <span class='ocrx_word' id='word_1_498' title='bbox 1320 3903 1483 3973; x_wconf 91' lang='lat' dir='ltr'><strong>inspecturis</strong></span> <span class='ocrx_word' id='word_1_499' title='bbox 1505 3903 1632 3960; x_wconf 89' lang='lat' dir='ltr'><strong>salutem.</strong></span> <span class='ocrx_word' id='word_1_500' title='bbox 1648 3902 1829 3962; x_wconf 85' lang='lat' dir='ltr'><strong>Universitati</strong></span> 
     </span>
     <span class='ocr_line' id='line_1_70' title="bbox 198 3994 1828 4070; baseline 0.003 -20"><span class='ocrx_word' id='word_1_501' title='bbox 198 3995 240 4050; x_wconf 95' lang='lat' dir='ltr'><strong>bit</strong></span> <span class='ocrx_word' id='word_1_502' title='bbox 257 3995 397 4051; x_wconf 87' lang='lat' dir='ltr'><strong>absolvere</strong></span> <span class='ocrx_word' id='word_1_503' title='bbox 411 3994 542 4054; x_wconf 88' lang='lat' dir='ltr'><strong>iaciemus</strong></span> <span class='ocrx_word' id='word_1_504' title='bbox 560 3999 593 4056; x_wconf 87' lang='lat' dir='ltr'><strong>de</strong></span> <span class='ocrx_word' id='word_1_505' title='bbox 615 4009 690 4070; x_wconf 88' lang='lat' dir='ltr'><strong>parte</strong></span> <span class='ocrx_word' id='word_1_506' title='bbox 711 3998 891 4054; x_wconf 85' lang='lat' dir='ltr'><strong>restitutionis</strong></span> <span class='ocrx_word' id='word_1_507' title='bbox 915 3999 988 4054; x_wconf 87' lang='lat' dir='ltr'><strong>abla-</strong></span> <span class='ocrx_word' id='word_1_508' title='bbox 1041 4006 1137 4051; x_wconf 81' lang='lat' dir='ltr'><strong>restrao</strong></span> <span class='ocrx_word' id='word_1_509' title='bbox 1161 4009 1210 4066; x_wconf 89' lang='lat' dir='ltr'><strong>per</strong></span> <span class='ocrx_word' id='word_1_510' title='bbox 1236 3996 1307 4051; x_wconf 90' lang='lat' dir='ltr'><strong>hanc</strong></span> <span class='ocrx_word' id='word_1_511' title='bbox 1329 3995 1452 4051; x_wconf 91' lang='lat' dir='ltr'><strong>chartam</strong></span> <span class='ocrx_word' id='word_1_512' title='bbox 1478 4005 1600 4052; x_wconf 90' lang='lat' dir='ltr'><strong>nostram</strong></span> <span class='ocrx_word' id='word_1_513' title='bbox 1627 3995 1715 4068; x_wconf 90' lang='lat' dir='ltr'><strong>sigillo</strong></span> <span class='ocrx_word' id='word_1_514' title='bbox 1734 4007 1828 4055; x_wconf 82' lang='lat' dir='ltr'><strong>nostro</strong></span> 
     </span>
     <span class='ocr_line' id='line_1_71' title="bbox 199 4087 1830 4160; baseline 0.002 -20"><span class='ocrx_word' id='word_1_515' title='bbox 199 4097 288 4142; x_wconf 89' lang='lat' dir='ltr'><strong>torum</strong></span> <span class='ocrx_word' id='word_1_516' title='bbox 312 4098 375 4143; x_wconf 90' lang='lat' dir='ltr'><strong>octo</strong></span> <span class='ocrx_word' id='word_1_517' title='bbox 396 4089 480 4144; x_wconf 88' lang='lat' dir='ltr'><strong>millia</strong></span> <span class='ocrx_word' id='word_1_518' title='bbox 494 4089 624 4145; x_wconf 88' lang='lat' dir='ltr'><strong>librarum</strong></span> <span class='ocrx_word' id='word_1_519' title='bbox 644 4089 770 4160; x_wconf 87' lang='lat' dir='ltr'><strong>legalium</strong></span> <span class='ocrx_word' id='word_1_520' title='bbox 794 4090 987 4160; x_wconf 75' lang='lat' dir='ltr'><strong>sterlingorum</strong></span> <span class='ocrx_word' id='word_1_521' title='bbox 1040 4088 1171 4142; x_wconf 88' lang='lat' dir='ltr'><strong>munitam</strong></span> <span class='ocrx_word' id='word_1_522' title='bbox 1186 4087 1309 4144; x_wconf 84' lang='lat' dir='ltr'><strong>voluimus</strong></span> <span class='ocrx_word' id='word_1_523' title='bbox 1324 4099 1384 4143; x_wconf 90' lang='lat' dir='ltr'><strong>esse</strong></span> <span class='ocrx_word' id='word_1_524' title='bbox 1404 4097 1517 4153; x_wconf 88' lang='lat' dir='ltr'><strong>notum;</strong></span> <span class='ocrx_word' id='word_1_525' title='bbox 1542 4088 1615 4157; x_wconf 88' lang='lat' dir='ltr'><strong>quia,</strong></span> <span class='ocrx_word' id='word_1_526' title='bbox 1630 4104 1692 4144; x_wconf 88' lang='lat' dir='ltr'><strong>curn</strong></span> <span class='ocrx_word' id='word_1_527' title='bbox 1705 4088 1787 4145; x_wconf 82' lang='lat' dir='ltr'><strong>Deum</strong></span> <span class='ocrx_word' id='word_1_528' title='bbox 1800 4099 1830 4146; x_wconf 89' lang='lat' dir='ltr'><strong>ct</strong></span> 
     </span>
     <span class='ocr_line' id='line_1_72' title="bbox 198 4175 1831 4250; baseline 0.003 -21"><span class='ocrx_word' id='word_1_529' title='bbox 198 4191 248 4246; x_wconf 91' lang='lat' dir='ltr'><strong>pro</strong></span> <span class='ocrx_word' id='word_1_530' title='bbox 265 4177 448 4246; x_wconf 86' lang='lat' dir='ltr'><strong>persolvendis</strong></span> <span class='ocrx_word' id='word_1_531' title='bbox 465 4178 563 4234; x_wconf 86' lang='lat' dir='ltr'><strong>debitis</strong></span> <span class='ocrx_word' id='word_1_532' title='bbox 581 4188 609 4234; x_wconf 92' lang='lat' dir='ltr'><strong>et</strong></span> <span class='ocrx_word' id='word_1_533' title='bbox 623 4179 753 4234; x_wconf 87' lang='lat' dir='ltr'><strong>iaciendis</strong></span> <span class='ocrx_word' id='word_1_534' title='bbox 770 4180 897 4250; x_wconf 81' lang='lat' dir='ltr'><strong>expensis</strong></span> <span class='ocrx_word' id='word_1_535' title='bbox 917 4195 986 4235; x_wconf 93' lang='lat' dir='ltr'><strong>nun·</strong></span> <span class='ocrx_word' id='word_1_536' title='bbox 1041 4186 1157 4233; x_wconf 87' lang='lat' dir='ltr'><strong>matrem</strong></span> <span class='ocrx_word' id='word_1_537' title='bbox 1181 4185 1301 4233; x_wconf 89' lang='lat' dir='ltr'><strong>nostrum</strong></span> <span class='ocrx_word' id='word_1_538' title='bbox 1322 4187 1445 4232; x_wconf 86' lang='lat' dir='ltr'><strong>sanctam</strong></span> <span class='ocrx_word' id='word_1_539' title='bbox 1467 4175 1616 4234; x_wconf 83' lang='lat' dir='ltr'><strong>Ecclesiam</strong></span> <span class='ocrx_word' id='word_1_540' title='bbox 1637 4177 1831 4235; x_wconf 88' lang='lat' dir='ltr'><strong>olicrrderimus</strong></span> 
     </span>
     <span class='ocr_line' id='line_1_73' title="bbox 200 4269 1829 4346; baseline 0.005 -25"><span class='ocrx_word' id='word_1_541' title='bbox 200 4270 245 4325; x_wconf 91' lang='lat' dir='ltr'><strong>tiis</strong></span> <span class='ocrx_word' id='word_1_542' title='bbox 259 4271 448 4342; x_wconf 80' lang='lat' dir='ltr'><strong>praedictorum</strong></span> <span class='ocrx_word' id='word_1_543' title='bbox 471 4272 669 4346; x_wconf 91' lang='lat' dir='ltr'><strong>archiepiscopi</strong></span> <span class='ocrx_word' id='word_1_544' title='bbox 693 4284 721 4329; x_wconf 93' lang='lat' dir='ltr'><strong>et</strong></span> <span class='ocrx_word' id='word_1_545' title='bbox 743 4275 934 4346; x_wconf 89' lang='lat' dir='ltr'><strong>episcoporum</strong></span> <span class='ocrx_word' id='word_1_546' title='bbox 953 4289 986 4329; x_wconf 90' lang='lat' dir='ltr'><strong>ac</strong></span> <span class='ocrx_word' id='word_1_547' title='bbox 1041 4274 1068 4329; x_wconf 89' lang='lat' dir='ltr'><strong>iu</strong></span> <span class='ocrx_word' id='word_1_548' title='bbox 1097 4271 1206 4338; x_wconf 90' lang='lat' dir='ltr'><strong>multis,</strong></span> <span class='ocrx_word' id='word_1_549' title='bbox 1234 4280 1262 4327; x_wconf 90' lang='lat' dir='ltr'><strong>et</strong></span> <span class='ocrx_word' id='word_1_550' title='bbox 1287 4271 1400 4340; x_wconf 86' lang='lat' dir='ltr'><strong>proinde</strong></span> <span class='ocrx_word' id='word_1_551' title='bbox 1421 4269 1512 4325; x_wconf 89' lang='lat' dir='ltr'><strong>divina</strong></span> <span class='ocrx_word' id='word_1_552' title='bbox 1537 4269 1724 4327; x_wconf 86' lang='lat' dir='ltr'><strong>misericordia</strong></span> <span class='ocrx_word' id='word_1_553' title='bbox 1744 4273 1829 4342; x_wconf 86' lang='lat' dir='ltr'><strong>pluri·</strong></span> 
     </span>
     <span class='ocr_line' id='line_1_74' title="bbox 198 4350 1830 4438; baseline 0.002 -22"><span class='ocrx_word' id='word_1_554' title='bbox 198 4363 392 4420; x_wconf 89' lang='lat' dir='ltr'><strong>monachorum</strong></span> <span class='ocrx_word' id='word_1_555' title='bbox 410 4365 644 4423; x_wconf 81' lang='lat' dir='ltr'><strong>cantuariensium</strong></span> <span class='ocrx_word' id='word_1_556' title='bbox 661 4365 812 4438; x_wconf 83' lang='lat' dir='ltr'><strong>assignari,</strong></span> <span class='ocrx_word' id='word_1_557' title='bbox 826 4365 885 4422; x_wconf 89' lang='lat' dir='ltr'><strong>siue</strong></span> <span class='ocrx_word' id='word_1_558' title='bbox 902 4365 987 4436; x_wconf 86' lang='lat' dir='ltr'><strong>impe·</strong></span> <span class='ocrx_word' id='word_1_559' title='bbox 1040 4378 1113 4418; x_wconf 90' lang='lat' dir='ltr'><strong>mum</strong></span> <span class='ocrx_word' id='word_1_560' title='bbox 1132 4362 1254 4434; x_wconf 77' lang='lat' dir='ltr'><strong>indigere</strong></span> <span class='ocrx_word' id='word_1_561' title='bbox 1280 4376 1438 4428; x_wconf 88' lang='lat' dir='ltr'><strong>noscamur,</strong></span> <span class='ocrx_word' id='word_1_562' title='bbox 1459 4376 1509 4418; x_wconf 87' lang='lat' dir='ltr'><strong>nee</strong></span> <span class='ocrx_word' id='word_1_563' title='bbox 1534 4362 1599 4432; x_wconf 89' lang='lat' dir='ltr'><strong>quid</strong></span> <span class='ocrx_word' id='word_1_564' title='bbox 1625 4350 1705 4433; x_wconf 85' lang='lat' dir='ltr'><strong>digne</strong></span> <span class='ocrx_word' id='word_1_565' title='bbox 1730 4363 1830 4420; x_wconf 82' lang='lat' dir='ltr'><strong>oilerrc</strong></span> 
     </span>
     <span class='ocr_line' id='line_1_75' title="bbox 198 4451 1830 4528; baseline 0.001 -20"><span class='ocrx_word' id='word_1_566' title='bbox 198 4454 318 4511; x_wconf 90' lang='lat' dir='ltr'><strong>dimento</strong></span> <span class='ocrx_word' id='word_1_567' title='bbox 339 4457 459 4526; x_wconf 87' lang='lat' dir='ltr'><strong>quolibet</strong></span> <span class='ocrx_word' id='word_1_568' title='bbox 479 4473 532 4528; x_wconf 85' lang='lat' dir='ltr'><strong>rper</strong></span> <span class='ocrx_word' id='word_1_569' title='bbox 555 4466 716 4528; x_wconf 88' lang='lat' dir='ltr'><strong>potestatem</strong></span> <span class='ocrx_word' id='word_1_570' title='bbox 738 4465 859 4514; x_wconf 87' lang='lat' dir='ltr'><strong>nostram</strong></span> <span class='ocrx_word' id='word_1_571' title='bbox 884 4457 918 4511; x_wconf 90' lang='lat' dir='ltr'><strong>ad</strong></span> <span class='ocrx_word' id='word_1_572' title='bbox 939 4471 986 4512; x_wconf 90' lang='lat' dir='ltr'><strong>cos</strong></span> <span class='ocrx_word' id='word_1_573' title='bbox 1041 4455 1176 4525; x_wconf 86' lang='lat' dir='ltr'><strong>possimus</strong></span> <span class='ocrx_word' id='word_1_574' title='bbox 1195 4468 1245 4522; x_wconf 92' lang='lat' dir='ltr'><strong>pro</strong></span> <span class='ocrx_word' id='word_1_575' title='bbox 1262 4451 1450 4510; x_wconf 79' lang='lat' dir='ltr'><strong>satisfactione</strong></span> <span class='ocrx_word' id='word_1_576' title='bbox 1470 4451 1524 4510; x_wconf 79' lang='lat' dir='ltr'><strong>lieo</strong></span> <span class='ocrx_word' id='word_1_577' title='bbox 1540 4462 1568 4509; x_wconf 92' lang='lat' dir='ltr'><strong>ct</strong></span> <span class='ocrx_word' id='word_1_578' title='bbox 1588 4455 1718 4510; x_wconf 76' lang='lat' dir='ltr'><strong>Ecclesia</strong></span> <span class='ocrx_word' id='word_1_579' title='bbox 1738 4458 1830 4512; x_wconf 78' lang='lat' dir='ltr'><strong>dubita</strong></span> 
     </span>
    </p>
   </div>
   <div class='ocr_carea' id='block_1_16' title="bbox 198 4545 986 4982">
    <p class='ocr_par' dir='ltr' id='par_1_16' title="bbox 198 4545 986 4982">
     <span class='ocr_line' id='line_1_76' title="bbox 198 4545 984 4620; baseline 0.003 -20"><span class='ocrx_word' id='word_1_580' title='bbox 198 4545 283 4602; x_wconf 90' lang='lat' dir='ltr'><strong>libere</strong></span> <span class='ocrx_word' id='word_1_581' title='bbox 298 4546 454 4616; x_wconf 80' lang='lat' dir='ltr'><strong>deserenda,</strong></span> <span class='ocrx_word' id='word_1_582' title='bbox 468 4558 496 4605; x_wconf 92' lang='lat' dir='ltr'><strong>nt</strong></span> <span class='ocrx_word' id='word_1_583' title='bbox 506 4549 624 4620; x_wconf 85' lang='lat' dir='ltr'><strong>expediti</strong></span> <span class='ocrx_word' id='word_1_584' title='bbox 637 4557 811 4606; x_wconf 88' lang='lat' dir='ltr'><strong>revertantur</strong></span> <span class='ocrx_word' id='word_1_585' title='bbox 823 4549 849 4604; x_wconf 91' lang='lat' dir='ltr'><strong>in</strong></span> <span class='ocrx_word' id='word_1_586' title='bbox 860 4547 984 4618; x_wconf 88' lang='lat' dir='ltr'><strong>hogliam</strong></span> 
     </span>
     <span class='ocr_line' id='line_1_77' title="bbox 198 4633 985 4709; baseline 0.006 -22"><span class='ocrx_word' id='word_1_587' title='bbox 198 4633 348 4691; x_wconf 79' lang='lat' dir='ltr'><strong>honorifice</strong></span> <span class='ocrx_word' id='word_1_588' title='bbox 363 4638 493 4705; x_wconf 88' lang='lat' dir='ltr'><strong>revocati,</strong></span> <span class='ocrx_word' id='word_1_589' title='bbox 507 4637 634 4694; x_wconf 89' lang='lat' dir='ltr'><strong>videlicet</strong></span> <span class='ocrx_word' id='word_1_590' title='bbox 645 4637 784 4709; x_wconf 82' lang='lat' dir='ltr'><strong>Stephano</strong></span> <span class='ocrx_word' id='word_1_591' title='bbox 794 4637 985 4694; x_wconf 73' lang='lat' dir='ltr'><strong>cantuariensi</strong></span> 
     </span>
     <span class='ocr_line' id='line_1_78' title="bbox 198 4726 986 4800; baseline 0.003 -20"><span class='ocrx_word' id='word_1_592' title='bbox 198 4726 403 4800; x_wconf 90' lang='lat' dir='ltr'><strong>archiepiscopo</strong></span> <span class='ocrx_word' id='word_1_593' title='bbox 415 4730 469 4785; x_wconf 90' lang='lat' dir='ltr'><strong>duo</strong></span> <span class='ocrx_word' id='word_1_594' title='bbox 481 4730 564 4786; x_wconf 82' lang='lat' dir='ltr'><strong>nullia</strong></span> <span class='ocrx_word' id='word_1_595' title='bbox 579 4740 607 4786; x_wconf 87' lang='lat' dir='ltr'><strong>ct</strong></span> <span class='ocrx_word' id='word_1_596' title='bbox 619 4730 780 4800; x_wconf 87' lang='lat' dir='ltr'><strong>quingentas</strong></span> <span class='ocrx_word' id='word_1_597' title='bbox 804 4729 898 4798; x_wconf 88' lang='lat' dir='ltr'><strong>libras,</strong></span> <span class='ocrx_word' id='word_1_598' title='bbox 917 4728 986 4784; x_wconf 85' lang='lat' dir='ltr'><strong>illil-</strong></span> 
     </span>
     <span class='ocr_line' id='line_1_79' title="bbox 198 4813 983 4890; baseline 0.005 -23"><span class='ocrx_word' id='word_1_599' title='bbox 198 4813 281 4871; x_wconf 90' lang='lat' dir='ltr'><strong>lelmo</strong></span> <span class='ocrx_word' id='word_1_600' title='bbox 317 4815 498 4872; x_wconf 84' lang='lat' dir='ltr'><strong>Londoniensi</strong></span> <span class='ocrx_word' id='word_1_601' title='bbox 529 4818 714 4890; x_wconf 89' lang='lat' dir='ltr'><strong>septingentas</strong></span> <span class='ocrx_word' id='word_1_602' title='bbox 742 4828 770 4874; x_wconf 91' lang='lat' dir='ltr'><strong>et</strong></span> <span class='ocrx_word' id='word_1_603' title='bbox 789 4813 983 4888; x_wconf 82' lang='lat' dir='ltr'><strong>quinquaginta</strong></span> 
     </span>
     <span class='ocr_line' id='line_1_80' title="bbox 198 4904 984 4982; baseline 0.008 -22"><span class='ocrx_word' id='word_1_604' title='bbox 198 4904 293 4971; x_wconf 85' lang='lat' dir='ltr'><strong>libras,</strong></span> <span class='ocrx_word' id='word_1_605' title='bbox 309 4905 455 4965; x_wconf 78' lang='lat' dir='ltr'><strong>Eustochio</strong></span> <span class='ocrx_word' id='word_1_606' title='bbox 470 4908 560 4964; x_wconf 82' lang='lat' dir='ltr'><strong>Eleusi</strong></span> <span class='ocrx_word' id='word_1_607' title='bbox 575 4909 649 4964; x_wconf 90' lang='lat' dir='ltr'><strong>mille</strong></span> <span class='ocrx_word' id='word_1_608' title='bbox 666 4918 693 4965; x_wconf 92' lang='lat' dir='ltr'><strong>ct</strong></span> <span class='ocrx_word' id='word_1_609' title='bbox 712 4910 874 4982; x_wconf 90' lang='lat' dir='ltr'><strong>quingentas</strong></span> <span class='ocrx_word' id='word_1_610' title='bbox 888 4908 984 4973; x_wconf 81' lang='lat' dir='ltr'><strong>libras.</strong></span> 
     </span>
    </p>
   </div>
   <div class='ocr_carea' id='block_1_17' title="bbox 197 4997 984 5166">
    <p class='ocr_par' dir='ltr' id='par_1_17' title="bbox 197 4997 984 5166">
     <span class='ocr_line' id='line_1_81' title="bbox 197 4997 983 5074; baseline 0.005 -20"><span class='ocrx_word' id='word_1_611' title='bbox 197 4997 307 5072; x_wconf 81' lang='lat' dir='ltr'><strong>AEgidio</strong></span> <span class='ocrx_word' id='word_1_612' title='bbox 322 4999 514 5058; x_wconf 89' lang='lat' dir='ltr'><strong>llerelordcnsi</strong></span> <span class='ocrx_word' id='word_1_613' title='bbox 537 5004 721 5074; x_wconf 87' lang='lat' dir='ltr'><strong>septingentas</strong></span> <span class='ocrx_word' id='word_1_614' title='bbox 740 5012 767 5059; x_wconf 90' lang='lat' dir='ltr'><strong>et</strong></span> <span class='ocrx_word' id='word_1_615' title='bbox 789 5003 983 5074; x_wconf 88' lang='lat' dir='ltr'><strong>quinquaginta</strong></span> 
     </span>
     <span class='ocr_line' id='line_1_82' title="bbox 197 5089 984 5166; baseline 0.009 -20"><span class='ocrx_word' id='word_1_616' title='bbox 197 5091 292 5157; x_wconf 89' lang='lat' dir='ltr'><strong>libras,</strong></span> <span class='ocrx_word' id='word_1_617' title='bbox 310 5089 431 5150; x_wconf 81' lang='lat' dir='ltr'><strong>locelino</strong></span> <span class='ocrx_word' id='word_1_618' title='bbox 455 5093 631 5151; x_wconf 76' lang='lat' dir='ltr'><strong>bathoniensi</strong></span> <span class='ocrx_word' id='word_1_619' title='bbox 654 5097 838 5166; x_wconf 89' lang='lat' dir='ltr'><strong>septingentas</strong></span> <span class='ocrx_word' id='word_1_620' title='bbox 861 5107 888 5151; x_wconf 91' lang='lat' dir='ltr'><strong>et</strong></span> <span class='ocrx_word' id='word_1_621' title='bbox 905 5095 984 5165; x_wconf 76' lang='lat' dir='ltr'><strong>quini</strong></span> 
     </span>
    </p>
   </div>
   <div class='ocr_carea' id='block_1_18' title="bbox 192 5245 986 5812">
    <p class='ocr_par' dir='ltr' id='par_1_18' title="bbox 234 5245 719 5316">
     <span class='ocr_line' id='line_1_83' title="bbox 234 5245 719 5316; baseline 0.01 -17"><span class='ocrx_word' id='word_1_622' title='bbox 234 5245 289 5316; x_wconf 87' lang='grc'><strong>(96)</strong></span> <span class='ocrx_word' id='word_1_623' title='bbox 308 5246 386 5316; x_wconf 84' lang='lat' dir='ltr'><strong>hpud</strong></span> <span class='ocrx_word' id='word_1_624' title='bbox 402 5247 489 5306; x_wconf 84' lang='lat' dir='ltr'><strong>Paris.</strong></span> <span class='ocrx_word' id='word_1_625' title='bbox 504 5251 719 5304; x_wconf 82' lang='lat' dir='ltr'><strong>consecrationis.</strong></span> 
     </span>
    </p>

    <p class='ocr_par' dir='ltr' id='par_1_19' title="bbox 194 5317 980 5443">
     <span class='ocr_line' id='line_1_84' title="bbox 214 5317 980 5443; baseline 0.004 -73"><span class='ocrx_word' id='word_1_626' title='bbox 214 5317 290 5439; x_wconf 70' lang='lat' dir='ltr'><strong>diiii)</strong></span> <span class='ocrx_word' id='word_1_627' title='bbox 301 5317 376 5443; x_wconf 44' lang='lat' dir='ltr'><strong>¹{ilci-e</strong></span> <span class='ocrx_word' id='word_1_628' title='bbox 397 5317 467 5373; x_wconf 86' lang='lat' dir='ltr'><strong>inira</strong></span> <span class='ocrx_word' id='word_1_629' title='bbox 481 5321 561 5388; x_wconf 87' lang='lat' dir='ltr'><strong>epist.</strong></span> <span class='ocrx_word' id='word_1_630' title='bbox 577 5319 639 5386; x_wconf 79' lang='lat' dir='ltr'><strong>tat,</strong></span> <span class='ocrx_word' id='word_1_631' title='bbox 653 5319 715 5386; x_wconf 76' lang='lat' dir='ltr'><strong>tls,</strong></span> <span class='ocrx_word' id='word_1_632' title='bbox 737 5327 764 5375; x_wconf 89' lang='lat' dir='ltr'><strong>et</strong></span> <span class='ocrx_word' id='word_1_633' title='bbox 781 5319 879 5376; x_wconf 83' lang='lat' dir='ltr'><strong>llattlr.</strong></span> <span class='ocrx_word' id='word_1_634' title='bbox 893 5319 980 5374; x_wconf 83' lang='lat' dir='ltr'><strong>Paris.</strong></span> 
     </span>
     <span class='ocr_line' id='line_1_85' title="bbox 194 5399 380 5443; baseline 0.027 -5"><span class='ocrx_word' id='word_1_635' title='bbox 194 5401 211 5438; x_wconf 92' lang='lat' dir='ltr'><strong>a</strong></span> <span class='ocrx_word' id='word_1_636' title='bbox 244 5401 288 5440; x_wconf 89' lang='lat' dir='ltr'><strong>an.</strong></span> <span class='ocrx_word' id='word_1_637' title='bbox 354 5399 380 5443; x_wconf 78' lang='lat' dir='ltr'><strong>a.</strong></span> 
     </span>
    </p>

    <p class='ocr_par' dir='ltr' id='par_1_20' title="bbox 192 5455 986 5812">
     <span class='ocr_line' id='line_1_86' title="bbox 232 5455 985 5536; baseline 0.003 -26"><span class='ocrx_word' id='word_1_638' title='bbox 232 5456 289 5526; x_wconf 82' lang='grc'><strong>(93)</strong></span> <span class='ocrx_word' id='word_1_639' title='bbox 314 5455 537 5536; x_wconf 71' lang='lat' dir='ltr'><strong>illorthrnannioe,</strong></span> <span class='ocrx_word' id='word_1_640' title='bbox 557 5460 697 5529; x_wconf 87' lang='lat' dir='ltr'><strong>regionum</strong></span> <span class='ocrx_word' id='word_1_641' title='bbox 720 5461 832 5514; x_wconf 88' lang='lat' dir='ltr'><strong>istarum</strong></span> <span class='ocrx_word' id='word_1_642' title='bbox 856 5459 985 5524; x_wconf 90' lang='lat' dir='ltr'><strong>nomine,</strong></span> 
     </span>
     <span class='ocr_line' id='line_1_87' title="bbox 194 5527 985 5608; baseline 0.009 -32"><span class='ocrx_word' id='word_1_643' title='bbox 194 5537 275 5608; x_wconf 76' lang='lat' dir='ltr'><strong>reges</strong></span> <span class='ocrx_word' id='word_1_644' title='bbox 284 5527 395 5606; x_wconf 68' lang='lat' dir='ltr'><strong>majoris</strong></span> <span class='ocrx_word' id='word_1_645' title='bbox 404 5527 550 5583; x_wconf 86' lang='lat' dir='ltr'><strong>Britanniae</strong></span> <span class='ocrx_word' id='word_1_646' title='bbox 562 5531 668 5586; x_wconf 85' lang='lat' dir='ltr'><strong>vassalli</strong></span> <span class='ocrx_word' id='word_1_647' title='bbox 676 5540 704 5585; x_wconf 90' lang='lat' dir='ltr'><strong>et</strong></span> <span class='ocrx_word' id='word_1_648' title='bbox 712 5529 838 5585; x_wconf 87' lang='lat' dir='ltr'><strong>homines</strong></span> <span class='ocrx_word' id='word_1_649' title='bbox 846 5530 902 5598; x_wconf 84' lang='lat' dir='ltr'><strong>ligii</strong></span> <span class='ocrx_word' id='word_1_650' title='bbox 913 5530 985 5598; x_wconf 87' lang='lat' dir='ltr'><strong>regis</strong></span> 
     </span>
     <span class='ocr_line' id='line_1_88' title="bbox 195 5595 985 5670; baseline 0.01 -24"><span class='ocrx_word' id='word_1_651' title='bbox 195 5595 436 5659; x_wconf 82' lang='lat' dir='ltr'><strong>christianissimi,</strong></span> <span class='ocrx_word' id='word_1_652' title='bbox 467 5599 552 5664; x_wconf 91' lang='lat' dir='ltr'><strong>luere,</strong></span> <span class='ocrx_word' id='word_1_653' title='bbox 577 5614 646 5669; x_wconf 89' lang='lat' dir='ltr'><strong>quas</strong></span> <span class='ocrx_word' id='word_1_654' title='bbox 677 5599 746 5655; x_wconf 84' lang='lat' dir='ltr'><strong>l’hili</strong></span> <span class='ocrx_word' id='word_1_655' title='bbox 768 5615 819 5670; x_wconf 91' lang='lat' dir='ltr'><strong>pus</strong></span> <span class='ocrx_word' id='word_1_656' title='bbox 847 5599 985 5655; x_wconf 90' lang='lat' dir='ltr'><strong>secundus</strong></span> 
     </span>
     <span class='ocr_line' id='line_1_89' title="bbox 193 5615 985 5748; baseline 0.01 -32"><span class='ocrx_word' id='word_1_657' title='bbox 193 5659 314 5746; x_wconf 80' lang='lat' dir='ltr'><strong>ilenrico</strong></span> <span class='ocrx_word' id='word_1_658' title='bbox 340 5665 372 5721; x_wconf 92' lang='grc' dir='ltr'><strong>ΙΙΙ</strong></span> <span class='ocrx_word' id='word_1_659' title='bbox 400 5667 530 5748; x_wconf 85' lang='lat' dir='ltr'><strong>restituit,</strong></span> <span class='ocrx_word' id='word_1_660' title='bbox 558 5671 604 5725; x_wconf 90' lang='lat' dir='ltr'><strong>sed</strong></span> <span class='ocrx_word' id='word_1_661' title='bbox 628 5678 720 5738; x_wconf 87' lang='lat' dir='ltr'><strong>postea</strong></span> <span class='ocrx_word' id='word_1_662' title='bbox 748 5615 857 5725; x_wconf 60' lang='lat' dir='ltr'><strong>flandum</strong></span> <span class='ocrx_word' id='word_1_663' title='bbox 894 5683 985 5740; x_wconf 86' lang='lat' dir='ltr'><strong>reguo</strong></span> 
     </span>
     <span class='ocr_line' id='line_1_90' title="bbox 192 5737 986 5812; baseline 0.011 -26"><span class='ocrx_word' id='word_1_664' title='bbox 192 5737 986 5812; x_wconf 75' lang='lat' dir='ltr'><strong>accrevttcnurhomaqro,etbdelitati(curiarstriugcbuntor)</strong></span> 
     </span>
    </p>
   </div>
   <div class='ocr_carea' id='block_1_19' title="bbox 1036 4529 1829 5166">
    <p class='ocr_par' dir='ltr' id='par_1_21' title="bbox 1036 4529 1829 5166">
     <span class='ocr_line' id='line_1_91' title="bbox 1040 4529 1828 4615; baseline 0.003 -17"><span class='ocrx_word' id='word_1_665' title='bbox 1040 4542 1163 4600; x_wconf 86' lang='lat' dir='ltr'><strong>iacienda</strong></span> <span class='ocrx_word' id='word_1_666' title='bbox 1184 4543 1235 4600; x_wconf 90' lang='lat' dir='ltr'><strong>nisi</strong></span> <span class='ocrx_word' id='word_1_667' title='bbox 1257 4543 1395 4614; x_wconf 84' lang='lat' dir='ltr'><strong>nosipsos</strong></span> <span class='ocrx_word' id='word_1_668' title='bbox 1413 4529 1561 4600; x_wconf 76' lang='lat' dir='ltr'><strong>habeamus</strong></span> <span class='ocrx_word' id='word_1_669' title='bbox 1579 4553 1607 4600; x_wconf 85' lang='lat' dir='ltr'><strong>et</strong></span> <span class='ocrx_word' id='word_1_670' title='bbox 1624 4560 1706 4615; x_wconf 70' lang='lat' dir='ltr'><strong>regua</strong></span> <span class='ocrx_word' id='word_1_671' title='bbox 1721 4554 1828 4607; x_wconf 88' lang='lat' dir='ltr'><strong>nostra.</strong></span> 
     </span>
     <span class='ocr_line' id='line_1_92' title="bbox 1039 4635 1827 4707; baseline 0.003 -16"><span class='ocrx_word' id='word_1_672' title='bbox 1039 4635 1161 4691; x_wconf 90' lang='lat' dir='ltr'><strong>volentes</strong></span> <span class='ocrx_word' id='word_1_673' title='bbox 1175 4651 1225 4691; x_wconf 92' lang='lat' dir='ltr'><strong>nos</strong></span> <span class='ocrx_word' id='word_1_674' title='bbox 1249 4635 1323 4705; x_wconf 87' lang='lat' dir='ltr'><strong>ipsos</strong></span> <span class='ocrx_word' id='word_1_675' title='bbox 1349 4635 1492 4690; x_wconf 89' lang='lat' dir='ltr'><strong>humiliare</strong></span> <span class='ocrx_word' id='word_1_676' title='bbox 1516 4650 1566 4705; x_wconf 93' lang='lat' dir='ltr'><strong>pro</strong></span> <span class='ocrx_word' id='word_1_677' title='bbox 1589 4636 1634 4692; x_wconf 92' lang='lat' dir='ltr'><strong>illo</strong></span> <span class='ocrx_word' id='word_1_678' title='bbox 1656 4637 1702 4707; x_wconf 87' lang='lat' dir='ltr'><strong>qni</strong></span> <span class='ocrx_word' id='word_1_679' title='bbox 1723 4652 1753 4692; x_wconf 89' lang='lat' dir='ltr'><strong>se</strong></span> <span class='ocrx_word' id='word_1_680' title='bbox 1776 4651 1827 4706; x_wconf 82' lang='lat' dir='ltr'><strong>pre</strong></span> 
     </span>
     <span class='ocr_line' id='line_1_93' title="bbox 1041 4724 1827 4795; baseline -0.001 -16"><span class='ocrx_word' id='word_1_681' title='bbox 1041 4726 1121 4782; x_wconf 82' lang='lat' dir='ltr'><strong>nobis</strong></span> <span class='ocrx_word' id='word_1_682' title='bbox 1141 4724 1295 4780; x_wconf 82' lang='lat' dir='ltr'><strong>humiliavit</strong></span> <span class='ocrx_word' id='word_1_683' title='bbox 1317 4724 1455 4794; x_wconf 87' lang='lat' dir='ltr'><strong>usquead</strong></span> <span class='ocrx_word' id='word_1_684' title='bbox 1476 4735 1608 4790; x_wconf 85' lang='lat' dir='ltr'><strong>nrortetu,</strong></span> <span class='ocrx_word' id='word_1_685' title='bbox 1628 4726 1715 4795; x_wconf 86' lang='lat' dir='ltr'><strong>gratia</strong></span> <span class='ocrx_word' id='word_1_686' title='bbox 1738 4725 1827 4780; x_wconf 86' lang='lat' dir='ltr'><strong>sancti</strong></span> 
     </span>
     <span class='ocr_line' id='line_1_94' title="bbox 1039 4814 1829 4888; baseline -0.009 -15"><span class='ocrx_word' id='word_1_687' title='bbox 1039 4816 1158 4888; x_wconf 87' lang='lat' dir='ltr'><strong>Spiritus</strong></span> <span class='ocrx_word' id='word_1_688' title='bbox 1179 4817 1346 4888; x_wconf 86' lang='lat' dir='ltr'><strong>inspirante,</strong></span> <span class='ocrx_word' id='word_1_689' title='bbox 1374 4831 1428 4871; x_wconf 91' lang='lat' dir='ltr'><strong>non</strong></span> <span class='ocrx_word' id='word_1_690' title='bbox 1450 4815 1476 4871; x_wconf 88' lang='lat' dir='ltr'><strong>vi</strong></span> <span class='ocrx_word' id='word_1_691' title='bbox 1505 4816 1625 4881; x_wconf 89' lang='lat' dir='ltr'><strong>inducti,</strong></span> <span class='ocrx_word' id='word_1_692' title='bbox 1650 4829 1700 4869; x_wconf 92' lang='lat' dir='ltr'><strong>nec</strong></span> <span class='ocrx_word' id='word_1_693' title='bbox 1729 4814 1829 4870; x_wconf 86' lang='lat' dir='ltr'><strong>lirnorn</strong></span> 
     </span>
     <span class='ocr_line' id='line_1_95' title="bbox 1039 4907 1826 4979; baseline -0.006 -12"><span class='ocrx_word' id='word_1_694' title='bbox 1039 4913 1135 4978; x_wconf 91' lang='lat' dir='ltr'><strong>coacti,</strong></span> <span class='ocrx_word' id='word_1_695' title='bbox 1160 4912 1207 4966; x_wconf 89' lang='lat' dir='ltr'><strong>sed</strong></span> <span class='ocrx_word' id='word_1_696' title='bbox 1231 4919 1323 4966; x_wconf 89' lang='lat' dir='ltr'><strong>nostra</strong></span> <span class='ocrx_word' id='word_1_697' title='bbox 1349 4911 1420 4967; x_wconf 91' lang='lat' dir='ltr'><strong>bona</strong></span> <span class='ocrx_word' id='word_1_698' title='bbox 1443 4918 1648 4979; x_wconf 81' lang='lat' dir='ltr'><strong>spontaneaque</strong></span> <span class='ocrx_word' id='word_1_699' title='bbox 1671 4907 1826 4972; x_wconf 88' lang='lat' dir='ltr'><strong>voluntate,</strong></span> 
     </span>
     <span class='ocr_line' id='line_1_96' title="bbox 1037 5000 1825 5064; baseline -0.008 -4"><span class='ocrx_word' id='word_1_700' title='bbox 1037 5021 1070 5062; x_wconf 90' lang='lat' dir='ltr'><strong>ac</strong></span> <span class='ocrx_word' id='word_1_701' title='bbox 1090 5005 1225 5060; x_wconf 88' lang='lat' dir='ltr'><strong>communi</strong></span> <span class='ocrx_word' id='word_1_702' title='bbox 1246 5005 1359 5060; x_wconf 89' lang='lat' dir='ltr'><strong>consilio</strong></span> <span class='ocrx_word' id='word_1_703' title='bbox 1382 5006 1514 5060; x_wconf 88' lang='lat' dir='ltr'><strong>baronum</strong></span> <span class='ocrx_word' id='word_1_704' title='bbox 1543 5015 1709 5064; x_wconf 87' lang='lat' dir='ltr'><strong>nostrornm,</strong></span> <span class='ocrx_word' id='word_1_705' title='bbox 1731 5000 1825 5054; x_wconf 81' lang='lat' dir='ltr'><strong>ollari-</strong></span> 
     </span>
     <span class='ocr_line' id='line_1_97' title="bbox 1036 5093 1827 5166; baseline -0.008 -16"><span class='ocrx_word' id='word_1_706' title='bbox 1036 5111 1098 5150; x_wconf 85' lang='lat' dir='ltr'><strong>mus</strong></span> <span class='ocrx_word' id='word_1_707' title='bbox 1110 5104 1138 5149; x_wconf 94' lang='lat' dir='ltr'><strong>et</strong></span> <span class='ocrx_word' id='word_1_708' title='bbox 1149 5093 1233 5154; x_wconf 91' lang='lat' dir='ltr'><strong>libere</strong></span> <span class='ocrx_word' id='word_1_709' title='bbox 1247 5095 1419 5152; x_wconf 88' lang='lat' dir='ltr'><strong>concedimus</strong></span> <span class='ocrx_word' id='word_1_710' title='bbox 1431 5093 1486 5166; x_wconf 89' lang='grc'><strong>(99)</strong></span> <span class='ocrx_word' id='word_1_711' title='bbox 1502 5094 1556 5149; x_wconf 86' lang='lat' dir='ltr'><strong>ileo</strong></span> <span class='ocrx_word' id='word_1_712' title='bbox 1567 5100 1593 5148; x_wconf 93' lang='lat' dir='ltr'><strong>et</strong></span> <span class='ocrx_word' id='word_1_713' title='bbox 1604 5093 1707 5148; x_wconf 89' lang='lat' dir='ltr'><strong>sanctis</strong></span> <span class='ocrx_word' id='word_1_714' title='bbox 1718 5100 1827 5161; x_wconf 89' lang='lat' dir='ltr'><strong>aposto·</strong></span> 
     </span>
    </p>
   </div>
   <div class='ocr_carea' id='block_1_20' title="bbox 1038 5244 1876 5820">
    <p class='ocr_par' dir='ltr' id='par_1_22' title="bbox 1038 5244 1876 5444">
     <span class='ocr_line' id='line_1_98' title="bbox 1043 5244 1825 5305; baseline -0.008 -1"><span class='ocrx_word' id='word_1_715' title='bbox 1043 5248 1245 5305; x_wconf 88' lang='lat' dir='ltr'><strong>renuntiarunt.</strong></span> <span class='ocrx_word' id='word_1_716' title='bbox 1255 5246 1289 5301; x_wconf 80' lang='lat' dir='ltr'><strong>V.</strong></span> <span class='ocrx_word' id='word_1_717' title='bbox 1305 5246 1337 5301; x_wconf 88' lang='lat' dir='ltr'><strong>c.</strong></span> <span class='ocrx_word' id='word_1_718' title='bbox 1352 5262 1403 5302; x_wconf 89' lang='lat' dir='ltr'><strong>ms.</strong></span> <span class='ocrx_word' id='word_1_719' title='bbox 1421 5246 1513 5302; x_wconf 84' lang='lat' dir='ltr'><strong>Sancti</strong></span> <span class='ocrx_word' id='word_1_720' title='bbox 1529 5245 1646 5301; x_wconf 80' lang='lat' dir='ltr'><strong>lictoris</strong></span> <span class='ocrx_word' id='word_1_721' title='bbox 1661 5244 1825 5300; x_wconf 88' lang='lat' dir='ltr'><strong>Parisiensis</strong></span> 
     </span>
     <span class='ocr_line' id='line_1_99' title="bbox 1039 5315 1876 5389; baseline -0.007 -15"><span class='ocrx_word' id='word_1_722' title='bbox 1039 5322 1077 5375; x_wconf 86' lang='lat' dir='ltr'><strong>De</strong></span> <span class='ocrx_word' id='word_1_723' title='bbox 1091 5318 1177 5389; x_wconf 89' lang='lat' dir='ltr'><strong>gestis</strong></span> <span class='ocrx_word' id='word_1_724' title='bbox 1195 5317 1308 5386; x_wconf 86' lang='lat' dir='ltr'><strong>Philippi</strong></span> <span class='ocrx_word' id='word_1_725' title='bbox 1322 5317 1432 5372; x_wconf 89' lang='lat' dir='ltr'><strong>Pulchri</strong></span> <span class='ocrx_word' id='word_1_726' title='bbox 1446 5315 1539 5388; x_wconf 79' lang='lat' dir='ltr'><strong>Polgd.</strong></span> <span class='ocrx_word' id='word_1_727' title='bbox 1558 5315 1655 5387; x_wconf 72' lang='lat' dir='ltr'><strong>virgil.</strong></span> <span class='ocrx_word' id='word_1_728' title='bbox 1678 5316 1726 5371; x_wconf 85' lang='lat' dir='ltr'><strong>lib.</strong></span> <span class='ocrx_word' id='word_1_729' title='bbox 1742 5331 1821 5377; x_wconf 81' lang='lat' dir='ltr'><strong>tutat,</strong></span> <span class='ocrx_word' id='word_1_730' title='bbox 1871 5316 1876 5328; x_wconf 96' lang='lat'><em>&#39;</em></span> 
     </span>
     <span class='ocr_line' id='line_1_100' title="bbox 1038 5386 1404 5444; baseline -0.005 0"><span class='ocrx_word' id='word_1_731' title='bbox 1038 5404 1109 5444; x_wconf 85' lang='lat' dir='ltr'><strong>antro</strong></span> <span class='ocrx_word' id='word_1_732' title='bbox 1120 5388 1225 5443; x_wconf 85' lang='lat' dir='ltr'><strong>Dontini</strong></span> <span class='ocrx_word' id='word_1_733' title='bbox 1242 5387 1307 5442; x_wconf 78' lang='lat' dir='ltr'><strong>ttbt</strong></span> <span class='ocrx_word' id='word_1_734' title='bbox 1320 5396 1349 5442; x_wconf 89' lang='lat' dir='ltr'><strong>et</strong></span> <span class='ocrx_word' id='word_1_735' title='bbox 1359 5386 1404 5443; x_wconf 70' lang='grc'><strong>59.</strong></span> 
     </span>
    </p>

    <p class='ocr_par' dir='ltr' id='par_1_23' title="bbox 1041 5447 1824 5820">
     <span class='ocr_line' id='line_1_101' title="bbox 1075 5447 1824 5528; baseline -0.013 -12"><span class='ocrx_word' id='word_1_736' title='bbox 1075 5459 1131 5528; x_wconf 90' lang='grc'><strong>(99)</strong></span> <span class='ocrx_word' id='word_1_737' title='bbox 1155 5447 1338 5522; x_wconf 70' lang='lat' dir='ltr'><strong>concredimus,</strong></span> <span class='ocrx_word' id='word_1_738' title='bbox 1364 5455 1513 5512; x_wconf 86' lang='lat' dir='ltr'><strong>Nauclerus</strong></span> <span class='ocrx_word' id='word_1_739' title='bbox 1538 5463 1662 5526; x_wconf 89' lang='lat' dir='ltr'><strong>generat.</strong></span> <span class='ocrx_word' id='word_1_740' title='bbox 1687 5453 1724 5510; x_wconf 81' lang='lat' dir='ltr'><strong>ic</strong></span> <span class='ocrx_word' id='word_1_741' title='bbox 1752 5469 1824 5508; x_wconf 88' lang='lat' dir='ltr'><strong>anno</strong></span> 
     </span>
     <span class='ocr_line' id='line_1_102' title="bbox 1041 5526 1824 5596; baseline -0.006 -11"><span class='ocrx_word' id='word_1_742' title='bbox 1041 5529 1122 5594; x_wconf 66' lang='lat' dir='ltr'><strong>lcii,</strong></span> <span class='ocrx_word' id='word_1_743' title='bbox 1135 5528 1231 5584; x_wconf 91' lang='lat' dir='ltr'><strong>obtulit</strong></span> <span class='ocrx_word' id='word_1_744' title='bbox 1242 5537 1270 5582; x_wconf 90' lang='lat' dir='ltr'><strong>ct</strong></span> <span class='ocrx_word' id='word_1_745' title='bbox 1284 5529 1486 5582; x_wconf 84' lang='lat' dir='ltr'><strong>concessitcnm</strong></span> <span class='ocrx_word' id='word_1_746' title='bbox 1500 5526 1574 5580; x_wconf 90' lang='lat' dir='ltr'><strong>omni</strong></span> <span class='ocrx_word' id='word_1_747' title='bbox 1585 5541 1635 5580; x_wconf 93' lang='lat' dir='ltr'><strong>suo</strong></span> <span class='ocrx_word' id='word_1_748' title='bbox 1647 5526 1709 5594; x_wconf 82' lang='lat' dir='ltr'><strong>iure</strong></span> <span class='ocrx_word' id='word_1_749' title='bbox 1720 5540 1824 5596; x_wconf 89' lang='lat' dir='ltr'><strong>proque</strong></span> 
     </span>
     <span class='ocr_line' id='line_1_103' title="bbox 1043 5595 1822 5668; baseline -0.01 -12"><span class='ocrx_word' id='word_1_750' title='bbox 1043 5600 1125 5656; x_wconf 88' lang='lat' dir='ltr'><strong>dictis</strong></span> <span class='ocrx_word' id='word_1_751' title='bbox 1150 5599 1241 5668; x_wconf 88' lang='lat' dir='ltr'><strong>regnis</strong></span> <span class='ocrx_word' id='word_1_752' title='bbox 1266 5597 1423 5653; x_wconf 89' lang='lat' dir='ltr'><strong>innocentio</strong></span> <span class='ocrx_word' id='word_1_753' title='bbox 1449 5597 1531 5651; x_wconf 86' lang='lat' dir='ltr'><strong>tortio</strong></span> <span class='ocrx_word' id='word_1_754' title='bbox 1554 5597 1712 5666; x_wconf 89' lang='lat' dir='ltr'><strong>homagium</strong></span> <span class='ocrx_word' id='word_1_755' title='bbox 1747 5595 1822 5660; x_wconf 68' lang='lat' dir='ltr'><strong>lectt,</strong></span> 
     </span>
     <span class='ocr_line' id='line_1_104' title="bbox 1042 5665 1823 5753; baseline -0.009 -27"><span class='ocrx_word' id='word_1_756' title='bbox 1042 5670 1118 5739; x_wconf 82' lang='lat' dir='ltr'><strong>cujus</strong></span> <span class='ocrx_word' id='word_1_757' title='bbox 1129 5671 1271 5753; x_wconf 49' lang='grc' dir='ltr'><strong>ἀντιοριῆίαη</strong></span> <span class='ocrx_word' id='word_1_758' title='bbox 1286 5669 1345 5722; x_wconf 91' lang='lat' dir='ltr'><strong>vide</strong></span> <span class='ocrx_word' id='word_1_759' title='bbox 1366 5683 1426 5723; x_wconf 87' lang='lat' dir='ltr'><strong>cunr</strong></span> <span class='ocrx_word' id='word_1_760' title='bbox 1444 5665 1540 5749; x_wconf 80' lang='lat' dir='ltr'><strong>Polyd.</strong></span> <span class='ocrx_word' id='word_1_761' title='bbox 1557 5666 1653 5748; x_wconf 77' lang='lat' dir='ltr'><strong>virgil.</strong></span> <span class='ocrx_word' id='word_1_762' title='bbox 1666 5667 1700 5750; x_wconf 52' lang='lat'><strong>5¹?</strong></span> <span class='ocrx_word' id='word_1_763' title='bbox 1718 5665 1823 5721; x_wconf 88' lang='lat' dir='ltr'><strong>loanne</strong></span> 
     </span>
     <span class='ocr_line' id='line_1_105' title="bbox 1042 5737 1761 5820; baseline -0.006 -24"><span class='ocrx_word' id='word_1_764' title='bbox 1042 5755 1113 5820; x_wconf 86' lang='lat' dir='ltr'><strong>arrnu</strong></span> <span class='ocrx_word' id='word_1_765' title='bbox 1128 5739 1231 5817; x_wconf 85' lang='lat' dir='ltr'><strong>llonnnr</strong></span> <span class='ocrx_word' id='word_1_766' title='bbox 1251 5737 1328 5809; x_wconf 69' lang='grc'><strong>1912,</strong></span> <span class='ocrx_word' id='word_1_767' title='bbox 1344 5755 1423 5811; x_wconf 87' lang='lat' dir='ltr'><strong>super</strong></span> <span class='ocrx_word' id='word_1_768' title='bbox 1437 5739 1594 5809; x_wconf 82' lang='lat' dir='ltr'><strong>hunusruodt</strong></span> <span class='ocrx_word' id='word_1_769' title='bbox 1613 5737 1761 5795; x_wconf 84' lang='lat' dir='ltr'><strong>dedttrone.</strong></span> 
     </span>
    </p>
   </div>
   <div class='ocr_carea' id='block_1_21' title="bbox 0 0 2060 6325">
    <p class='ocr_par' dir='ltr' id='par_1_24' title="bbox 0 0 2060 6325">
     <span class='ocr_line' id='line_1_106' title="bbox 0 0 2060 6325; baseline 0 0"><span class='ocrx_word' id='word_1_770' title='bbox 0 0 2060 6325; x_wconf 95' lang='lat' dir='ltr'><strong> </strong></span> 
     </span>
    </p>
   </div>
  </div>
 </body>
</html>
