4109 6325
278 322 346 383 {239
680 325 854 386 sreutotx
873 327 920 382 ab
938 325 1176 384 recessesunt
1195 325 1342 388 retentus
1361 325 1495 384 LIBROS.
1630 282 1634 290 ³
1837 337 1910 392 libb

276 437 380 495 cienscr
395 447 534 494 ostensum
549 440 620 510 qnod
644 438 672 492 iu
698 439 780 496 trium
809 441 996 514 episcoporum
1008 439 1101 500 cie-i
1118 441 1269 511 instiusmodi
1281 443 1421 498 continere
1430 441 1613 497 simoniacam
1639 446 1813 516 pravitatem,
1825 464 1909 520 quaet

277 529 406 591 trouibue
423 527 750 599 dequibuspraentissum
772 531 929 598 est‚elerici
948 546 1065 605 presen-
1115 532 1240 602 persequi
1268 531 1404 595 volumus,
1436 538 1465 585 nt
1496 530 1636 598 debemus,
1666 535 1753 606 ipsum
1772 537 1807 592 ab
1833 538 1907 594 ontnl

277 627 319 673 tes
339 615 485 674 adsuerunt
502 625 529 673 et
554 631 647 673 vocent
670 619 823 675 imbuerunt
844 620 970 692 eligendi,
993 635 1064 691 prte-
1116 624 1211 678 ordine
1229 621 1348 680 clericali
1360 636 1408 693 per
1421 619 1589 678 ‹lillirritivam
1605 627 1768 681 seutentiam
1782 628 1908 686 duximus

275 710 386 765 missam
399 707 560 764 electionem
578 707 678 764 iactent
697 712 737 766 eis
760 711 1012 768 contradicentibus
1038 720 1065 766 et
1115 711 1150 767 ab
1169 713 1242 767 omrai
1258 710 1347 768 oiiieio
1368 723 1396 768 ct
1414 711 1546 770 beneflcio
1568 713 1755 774 ecclesiastico
1770 717 1910 788 deponen-

275 799 394 856 crciusis
407 800 577 856 decrevimus
590 801 762 868 irritandum,
779 797 1065 876 ciericosscepedictos
1116 803 1190 864 dum.

272 894 302 946 in
315 906 375 947 eam
395 891 473 960 quasi
496 893 697 961 possessionem
713 911 794 966 quem
820 907 885 954 ante
903 908 1064 955 controvev·
1220 911 1424 954 tnesauncessr
1443 915 1478 954 rr
1493 915 1635 956 rntcrsasv
1654 916 1799 958 rvrsconts.

275 982 458 1038 siamntotam
482 973 632 1040 babuerunt
664 987 836 1047 reducentes.
865 986 964 1045 Verum
995 1005 1064 1062 quo·
1152 988 1222 1046 Olim
1245 1005 1294 1048 nos
1320 991 1429 1046 dedisse
1456 993 1630 1048 meminimus
1661 994 1688 1049 in
1721 995 1907 1054 mandatis—ut

275 1071 348 1130 rviam
363 1073 550 1145 inquestione
563 1075 692 1146 predicta
708 1078 840 1148 qzidquid
850 1079 922 1148 juris
946 1091 1062 1152 utraque
1115 1079 1299 1136 venerabilem
1312 1079 1427 1138 lvatrem
1440 1091 1563 1138 nostrum
1573 1081 1735 1140 ovetensem
1750 1087 1905 1156 episcopum

274 1181 339 1236 pars
354 1168 381 1224 ist
393 1167 526 1226 electione
537 1170 655 1227 babebat
667 1169 812 1229 deductum
835 1173 861 1226 in
871 1171 1005 1241 judicium
1020 1176 1064 1232 vi·
1115 1170 1149 1224 dt!
1163 1169 1280 1226 debilem
1296 1171 1496 1228 ¹0⁵15²¹¹¹¹⁰¹¹⁰¹¹¹
1512 1174 1600 1243 partis
1614 1173 1793 1230 Ζίιηῡῑθΰὸῑὸ
1805 1175 1905 1232 (ΜΦ

278 1259 404 1330 debatur,
417 1276 477 1317 cunt
498 1261 560 1333 jure
583 1262 656 1318 civili
675 1264 711 1320 sit
738 1271 850 1321 cautum
864 1264 890 1320 id
918 1266 1010 1321 venire
1036 1265 1063 1324 in
1115 1259 1165 1326 cis,
1180 1276 1261 1332 quant
1277 1262 1396 1330 tenebat,
1412 1278 1472 1319 cunt
1489 1263 1626 1334 perceptis
1647 1265 1781 1323 fructibus
1795 1283 1906 1339 eupere-

273 1349 414 1420 judicinm,
435 1355 768 1427 uortdequottctumest
790 1356 1012 1424 utveniret,scd
1037 1358 1063 1416 id
1116 1354 1161 1420 tls,
1176 1353 1198 1410 si
1214 1355 1340 1410 dilectum
1362 1353 1446 1412 ttttnm
1463 1353 1575 1410 lustrem
1607 1356 1781 1430 iinpnerimn,
1810 1362 1905 1431 prins·

278 1457 331 1499 non
349 1445 443 1500 ventre
458 1446 556 1517 dequo
567 1449 728 1505 nominatim
741 1457 831 1504 sctum
844 1457 886 1504 est
897 1465 931 1506 ne
948 1449 1064 1520 veniret,
1115 1463 1196 1519 qnam
1208 1464 1288 1520 snper
1303 1449 1354 1504 boc
1366 1449 1522 1504 mandatum
1536 1449 1710 1518 apostolieum
1724 1453 1904 1523 adimpleret,

276 1546 303 1590 m
312 1539 460 1594 secundnm
471 1548 573 1596 statuta
586 1541 716 1597 cononica
725 1542 1063 1615 eiectionesepiseoporom
1116 1541 1189 1596 viam
1218 1539 1322 1612 ingredi
1353 1540 1523 1611 corrtinperet
1548 1542 1640 1597 orrtnis
1665 1543 1764 1596 carme.
1794 1544 1899 1600 ierom

276 1631 311 1685 aci
336 1631 535 1688 cathedralium
558 1633 737 1690 ecclesiarum
762 1635 876 1691 ciericos
903 1639 1065 1711 regulariter
1117 1634 1181 1706 quia
1192 1633 1281 1689 inanis
1292 1643 1335 1690 cst
1347 1635 1418 1690 actio
1428 1648 1509 1703 qtmm
1525 1633 1615 1702 inopia
1627 1633 1757 1690 debitoris
1769 1637 1902 1705 excindit,

276 1721 414 1792 pertinere.
431 1732 591 1788 noscuntur,
608 1725 659 1780 nisi
673 1723 744 1781 iorte
759 1726 823 1782 alibi
841 1744 922 1786 rectu
943 1730 1066 1790 obtineat
1119 1724 1278 1782 inaudimus
1290 1732 1421 1796 (Ιῑιθίθιῑιιθ
1437 1739 1491 1780 ¹¹⁰ss
1504 1725 1578 1793 prins
1593 1725 1750 1795 liii⁸⁰⁰l³¹¹¹ll
1767 1725 1856 1795 disum
1868 1729 1905 1786 sd

276 1815 310 1869 dc
321 1813 518 1870 consuetudine
534 1815 657 1886 speciali,
681 1831 732 1872 nec
754 1832 788 1874 es
812 1833 845 1875 eo
870 1821 942 1890 quod
973 1823 1065 1880 clerici
1118 1817 1316 1874 restitutionem
1332 1815 1644 1886 sructuumcompeliatis
1655 1831 1738 1886 quarn
1750 1816 1807 1885 ipse
1816 1817 1907 1872 taliter

276 1904 407 1962 antedicti
419 1921 448 1963 se
462 1905 536 1961 inter
550 1905 683 1978 eligentes
705 1907 832 1966 Sutrinos
849 1915 990 1984 episcopos
1002 1931 1066 1985 pro-
1117 1907 1198 1964 inerit
1214 1908 1356 1964 restitutus
1372 1915 1402 1962 ut
1417 1906 1562 1969 restituere
1587 1908 1672 1978 possit
1685 1907 1759 1978 quod
1786 1909 1906 1980 percepit

276 1997 401 2052 baverint
415 1996 497 2053 tertio
508 1997 658 2068 exstitisse,
667 1999 712 2068 ius
725 1999 842 2072 eligendi
854 2014 965 2075 propter
976 2008 1067 2063 brevi·
1116 2001 1150 2056 1¹⁰
1161 1998 1337 2072 proventibus
1352 1998 1461 2054 alienis·

278 2096 361 2144 tatem
372 2089 505 2160 temporis
518 2104 605 2162 usque
619 2089 653 2145 ad
665 2092 897 2162 prescriptionem
915 2097 1063 2167 legitimam
1307 2106 1372 2150 rues
1407 2106 1546 2149 ntnntrssr
1579 2105 1713 2147 netscoro.

278 2194 331 2239 reon
351 2179 475 2250 producti
501 2179 552 2236 sibi
575 2182 719 2251 acquirere
743 2193 900 2254 potuerunt,
919 2197 947 2244 es
972 2199 1065 2248 actore
1151 2181 1208 2254 (lb)
1227 2182 1346 2240 liilectus
1364 2181 1435 2238 tilius
1456 2182 1542 2237 abbas
1560 2183 1594 2236 cle
1617 2179 1765 2236 Fer-entillo
1789 2195 1907 2250 conque-

276 2270 483 2341 ¹l⁰⁰bf⁰h²¹¹l0.
509 2271 555 2342 (iili
572 2273 743 2341 θθῑιιθιιῑῑιιι,
771 2277 821 2331 etsi
846 2277 913 2334 nibil
931 2282 1065 2349 prestite-
1115 2291 1179 2332 rens
1194 2275 1227 2332 de
1242 2273 1376 2330 nobilibus
1387 2271 1454 2329 viris
1464 2271 1582 2328 dominis
1605 2273 1741 2327 dstrmo
1753 2287 1832 2327 suant
1845 2286 1907 2341 pro·

277 2361 322 2427 rit,
338 2359 482 2428 obtinebit.
498 2361 532 2418 sb
545 2376 641 2418 eorum
661 2363 834 2438 impetitione
847 2383 929 2438 super
951 2371 1064 2427 eloctio-
1114 2366 1204 2438 posuis
1240 2366 1418 2436 questionem
1448 2365 1520 2435 qnod
1537 2363 1649 2434 praelati
1676 2365 1801 2428 nobiles.
1834 2366 1907 2422 nulla

276 2453 356 2514 nibus
368 2452 499 2510 iaciendis
519 2467 567 2510 vos
581 2453 708 2512 duximus
722 2456 911 2526 absolvendos,
927 2463 1064 2530 predictis
1115 2459 1290 2530 requisitione
1302 2457 1453 2529 premissa,
1471 2470 1553 2512 uranu
1567 2465 1672 2510 armata
1685 2454 1720 2510 nd
1743 2463 1835 2512 costra
1849 2471 1905 2510 nro-

275 2543 451 2604 cccleeletum
463 2544 570 2600 clericis
591 2559 672 2616 supet·
686 2546 737 2602 ltoe
750 2545 885 2625 silentium
904 2562 1062 2624 perpetuum
1115 2548 1228 2606 nasterii
1242 2548 1380 2606 Ferentilli
1392 2549 1534 2603 sentientes
1548 2548 1575 2602 in
1589 2547 1688 2618 preculis
1703 2547 1864 2602 animalium
1878 2559 1905 2604 et

276 2637 455 2708 imponentes.
763 2627 766 2638 '
1113 2639 1219 2695 damnis
1238 2638 1397 2708 aliisusque
1423 2639 1549 2705 adesce,
1572 2637 1613 2694 vel
1643 2637 1709 2694 Luc.
1728 2637 1905 2694 darnrtiirccre

426 2742 490 2784 toste
504 2743 642 2791 cssosrcts
653 2732 911 2790 ssrntnnrsrirsms.
1113 2728 1213 2786 dietum
1229 2731 1383 2787 coenobium
1404 2741 1646 2800 prsesrtmpserunt,
1662 2731 1696 2785 de
1711 2730 1813 2800 quibus
1824 2729 1906 2798 justi·

311 2815 446 2887 (ilicum
465 2818 688 2888 superelectionc
706 2819 980 2881 bethlehemitanensi
993 2823 1063 2882 inter
1115 2819 1179 2876 tiam
1199 2821 1253 2878 sibi
1269 2821 1326 2877 lieri
1342 2821 1506 2892 postulabat.
1527 2820 1575 2880 Cui
1591 2821 1660 2876 citra
1683 2821 1739 2877 litis
1766 2830 1905 2880 contesta-

275 2909 311 2967 st.
327 2909 522 2970 subdiaconum
538 2919 660 2967 nostrunt
675 2921 703 2970 et
722 2914 755 2972 P.
772 2916 933 2972 canomeum
944 2918 1064 2986 sepulcri
1116 2913 1218 2968 tionem
1239 2913 1290 2968 sub
1323 2912 1410 2968 iorrrta
1438 2913 1606 2982 exceptionis
1633 2912 1685 2968 luit
1723 2929 1757 2968 es
1790 2915 1904 2970 adverso

275 3001 409 3073 bontioiei
425 3016 512 3073 nuper
528 3004 555 3060 iu
572 3012 664 3060 nostra
688 3007 833 3076 presentia
847 3009 964 3076 quaestio
975 3018 1065 3065 vertes
1113 3017 1275 3074 responsum
1303 3005 1374 3075 quoti
1386 3017 1435 3074 per
1464 3004 1550 3073 ipsius
1577 3003 1668 3058 clnlunt
1696 3014 1725 3060 ct
1748 3006 1903 3060 violentiam

276 3099 362 3160 retur,
372 3099 487 3163 utroque
513 3107 543 3149 se
563 3109 613 3164 pro
635 3094 723 3152 electo
738 3105 859 3166 gerente.
879 3113 940 3154 curo
955 3098 1096 3185 prinmsc
1113 3105 1232 3150 castrum
1244 3103 1380 3150 sacratum
1392 3095 1550 3163 antisorant,
1561 3104 1589 3151 ct
1602 3097 1627 3150 in
1638 3096 1699 3152 aliis
1714 3097 1808 3152 rttoltis
1819 3113 1904 3169 usqum

274 3188 357 3242 etiam
369 3200 387 3240 a
401 3184 548 3241 venerabili
560 3186 647 3243 tratre
672 3196 767 3244 nostro
784 3188 942 3257 patriarcba
966 3188 1062 3251 liiero-
1113 3196 1220 3241 ccnsunt
1237 3200 1344 3245 marcas
1359 3202 1388 3242 se
1400 3187 1529 3256 spoliatos
1545 3188 1680 3255 dicebant,
1695 3198 1820 3259 petentes
1829 3192 1903 3259 prius

274 3278 438 3349 solymisano
452 3276 535 3333 luerit
555 3276 742 3345 confirmatus,
765 3279 834 3341 alter
848 3292 913 3335 vero
940 3279 1061 3337 levorem
1113 3275 1217 3331 restitui
1248 3292 1330 3347 quom
1358 3276 1444 3347 ipsius
1480 3277 1658 3347 petitionibus
1694 3280 1901 3349 responderent.

273 3372 377 3441 regium
396 3368 761 3443 obtineret,cisdiiectuot
785 3370 871 3427 blium
887 3369 919 3426 tt
940 3372 1062 3429 basilice
1113 3366 1213 3421 Verum
1231 3382 1262 3421 es
1299 3377 1376 3439 parte
1401 3368 1506 3426 abbatis
1530 3368 1580 3423 iuit
1612 3370 1704 3425 taliter
1728 3370 1904 3441 replicatum¹

273 3463 416 3520 duodecim
428 3462 621 3533 apostolerum,
638 3460 663 3518 l.
681 3462 751 3518 tituli
767 3462 860 3519 Sancti
884 3462 1016 3535 Stephani
1034 3464 1061 3519 in
1113 3457 1184 3529 qnod
1201 3458 1291 3515 libello
1306 3476 1356 3516 suo
1374 3461 1522 3516 seccrmum
1543 3460 1663 3541 requiam
1675 3460 1756 3533 juris,
1770 3476 1825 3531 qus
1837 3462 1902 3516 dici-

273 3552 359 3610 Coelio
372 3562 465 3609 movete
475 3553 714 3625 presbyterumet
731 3553 764 3611 G.
782 3554 888 3610 &nesse
911 3554 1004 3611 llario
1034 3557 1061 3611 in
1113 3562 1157 3609 tnr
1183 3566 1212 3610 ut
1243 3554 1288 3627 qui
1317 3556 1391 3626 prior
1418 3554 1551 3627 appellat.
1582 3556 1657 3627 prior
1683 3566 1757 3627 apat,
1786 3556 1902 3613 debebat

271 3644 385 3707 Persicus
395 3646 539 3705 diaconum
553 3648 705 3705 cardinales
717 3648 841 3703 dedituros
854 3647 1004 3713 auditores,
1033 3647 1060 3701 in
1113 3649 1237 3719 primitus
1249 3648 1415 3717 responderi,
1434 3661 1484 3705 noe
1497 3662 1546 3717 pro
1573 3648 1680 3703 damnis
1694 3648 1777 3705 illatis
1792 3650 1902 3710 restitu-

273 3752 390 3807 quorum
411 3738 553 3807 presentia
580 3740 698 3812 receptis
723 3738 849 3809 utrinqne
877 3738 1003 3807 testibus,
1033 3746 1062 3795 et
1113 3740 1151 3791 tin
1174 3736 1318 3807 postulari,
1345 3736 1392 3793 scd
1413 3737 1446 3791 ad
1467 3751 1499 3793 en
1516 3736 1631 3793 debebas
1652 3740 1724 3794 actio
1745 3749 1902 3809 competens

273 3844 368 3885 eorum
400 3830 613 3900 depositionibus
640 3830 794 3902 publicatis,
816 3844 877 3899 quce
905 3830 971 3887 irinc
997 3829 1062 3887 inde
1112 3828 1250 3883 intentari.
1266 3826 1399 3883 Caeterum
1412 3842 1444 3882 es
1458 3838 1536 3897 parte
1552 3826 1661 3883 abbatis
1678 3830 1800 3899 regulam
1819 3832 1901 3886 inteo-

272 3917 507 3989 nlleqataiuemns
522 3921 601 3977 nobis
611 3930 640 3977 et
654 3922 783 3978 iratribus
801 3921 902 3978 nostris
912 3920 1061 3977 retulerunt
1112 3920 1219 3979 duretam
1233 3920 1346 3987 adversa
1368 3934 1431 3990 pars
1444 3920 1472 3975 in
1487 3922 1588 3975 ntutnis
1602 3922 1779 3989 petitionibus
1811 3921 1901 3979 locunt

272 4007 389 4069 fideliter
402 4019 428 4065 et
441 4011 598 4081 prudenter.
620 4012 675 4069 Nos
688 4027 753 4069 vero
771 4022 884 4085 iamper
914 4012 1061 4071 relationes
1112 4010 1212 4067 bebere
1226 4009 1343 4074 dicebat,
1359 4023 1419 4065 euru
1442 4023 1532 4065 causae
1554 4008 1675 4065 vicissim
1701 4019 1826 4067 tractate
1849 4024 1901 4071 uns

273 4101 455 4159 cardinalium
469 4119 551 4174 quam
565 4114 699 4182 perpessa
718 4106 752 4162 de
765 4119 856 4161 cause
869 4105 974 4163 meritis
986 4104 1060 4163 snffi-
1110 4111 1204 4175 postea
1230 4101 1365 4159 sententia
1378 4102 1567 4159 scrutinentur.
1580 4100 1635 4157 Nos
1649 4116 1716 4157 vero.
1727 4102 1899 4173 distinguen-

272 4194 377 4251 eienter
390 4195 527 4262 instructi.
555 4197 755 4253 conenturticaso
768 4197 883 4254 fratrum
904 4207 1060 4254 nostrorum
1112 4194 1175 4251 dunt
1199 4208 1259 4251 csse
1288 4202 1414 4265 putantes
1435 4205 1524 4249 utrum
1540 4192 1712 4265 spoliationis
1730 4194 1846 4263 questio
1868 4195 1902 4249 ab

272 4284 387 4341 consilio
397 4284 455 4354 iarn
467 4286 569 4342 dietum
582 4288 778 4345 subdiaconum
803 4282 936 4358 nostrum,
959 4290 1006 4361 qni
1030 4304 1060 4346 se
1112 4284 1213 4343 eisdem
1229 4285 1366 4341 nobilibus
1382 4284 1415 4340 sit
1430 4282 1534 4353 oltjecta
1553 4284 1580 4340 in
1604 4284 1717 4349 modum
1735 4284 1853 4341 aetionis
1867 4288 1900 4341 ad

266 4378 435 4448 probatores
459 4392 509 4453 per
533 4378 691 4434 saeculavertt
714 4380 863 4449 potentiam
892 4381 1060 4450 spoliatum,
1113 4376 1313 4435 restitutionem
1336 4375 1491 4447 petendam.
1522 4389 1556 4428 an
1581 4373 1608 4428 in
1633 4374 1720 4429 iorma
1734 4376 1902 4445 exceptionis

272 4468 469 4528 restituendum
481 4468 649 4525 decrevimus
669 4468 775 4540 justitia
790 4472 935 4531 mediante,
961 4472 1061 4532 l'eronr
1077 4459 1336 4526 ”adinventionem
1364 4466 1514 4523 adversarii
1531 4464 1727 4537 repellendam.
1747 4482 1809 4521 eum
1825 4483 1856 4523 ea
1873 4468 1898 4522 in

272 4561 403 4631 quoniam
417 4569 472 4619 sam
487 4561 685 4631 possessorium
698 4576 780 4631 quam
797 4564 953 4634 petitorium
976 4566 1062 4625 dedu·
1113 4560 1222 4617 modum
1263 4556 1379 4613 aetionis
1416 4555 1552 4626 proposita
1579 4554 1764 4627 intelligemur
1787 4557 1900 4612 diverses

271 4666 346 4711 etum
358 4652 680 4722 merastnjudtcinmet
705 4666 762 4711 tarn
783 4658 965 4716 restitutionis
979 4675 1061 4730 quam
1113 4650 1326 4720 ιιιίῑῑῑῦιιθιιθὸθ
1348 4648 1458 4703 minime
1484 4646 1686 4717 ΰῠιιῑῑιιεθιιῑθῦι
1710 4660 1744 4701 ³⁰
1774 4660 1825 4716 ber
1850 4647 1899 4703 hes

272 4741 552 4814 electionisquestio
569 4743 676 4815 plenius
696 4747 822 4812 actitata,
846 4748 969 4803 constitit
982 4748 1062 4805 nobis
1110 4745 1188 4817 juxis
1212 4743 1333 4812 resuliffl
1357 4737 1425 4807 liliis
1450 4736 1618 4809 lifaeffllfflm
1644 4750 1706 4806 illi⁸
1729 4736 1805 4806 l)tius
1828 4748 1899 4795 ΟΜ

273 4834 434 4891 electionem
460 4833 602 4905 utriusque
626 4838 717 4893 minus
730 4838 889 4899 canonicam
912 4840 1060 4909 exstitisse,
1113 4834 1259 4907 propetis,
1275 4830 1437 4903 prius-iores
1448 4830 1600 4893 tractante.
1613 4842 1769 4898 <tuentum
1782 4828 1810 4883 ln
1828 4829 1897 4883 illem

273 4926 427 4998 cnmjndex
448 4928 482 4984 de
502 4944 556 4999 qua
580 4943 610 4986 re
636 4931 803 4999 cognoveris,
832 4939 861 4987 et
883 4934 1061 5003 pronunciare
1110 4924 1241 4995 judicium
1256 4922 1344 4979 umbe
1353 4918 1475 4977 deductos
1487 4916 1662 4987 vicissimque
1676 4926 1798 4977 tractate
1820 4918 1898 4973 simui

274 5020 455 5092 eetotjnxu
469 5022 616 5082 canonicas
634 5023 801 5089 sanctiones,
823 5032 968 5093 utramque
980 5026 1061 5084 duxi.
1112 5020 1204 5073 essens
1223 5011 1318 5068 eadem
1345 5012 1479 5069 senmntia
1498 5009 1687 5065 terminandus.
1703 5006 1757 5064 Sed
1769 5011 1897 5079 quoniam

274 5128 336 5171 mres
352 5112 551 5171 sententialiter
573 5113 744 5171 irritandam.
772 5114 907 5173 caecum
931 5118 1060 5187 quoniam
1113 5108 1158 5166 illa
1185 5106 1299 5177 bustello
1317 5104 1369 5161 luit
1393 5104 1427 5161 ιθ
1448 5102 1552 5159 ⁰¹⁸de
1576 5101 1713 5158 n⁰ll5¹5¹ll¹⁵
1741 5113 1849 5158 tanetum
1870 5102 1898 5161 ³¹¹

274 5202 320 5261 W.
333 5201 482 5257 eanonicus
492 5198 785 5266 lietblebemitsnensis
804 5202 856 5259 suit
870 5206 898 5261 in
914 5205 976 5276 iure
993 5222 1060 5264 eon·
1113 5202 1222 5259 tnodum
1247 5199 1416 5271 exceptionis
1443 5197 1574 5268 objecta,
1601 5196 1839 5265 l)renuntiavimus
1869 5206 1898 5252 ⁸¹

272 5300 363 5355 lessus
378 5293 524 5367 (ibiquod
545 5308 595 5364 pro
627 5297 780 5365 prestando
804 5296 914 5356 alvertus
936 5299 1061 5359 etoeuoqt
1113 5292 1287 5364 probationes
1301 5304 1396 5348 eortrm
1415 5302 1497 5358 super
1509 5286 1566 5356 ipsa
1589 5284 1749 5354 exceptione
1768 5283 1897 5351 primitus

274 5405 409 5448 mmm„
433 5388 644 5460 quingentorum
670 5388 896 5449 smqum
918 5392 1062 5462 qquaqo.
1112 5383 1282 5449 audirentur.
1295 5394 1323 5438 et
1337 5396 1369 5437 ea
1385 5382 1499 5451 probata
1513 5378 1635 5449 legitime
1654 5389 1709 5432 non
1730 5385 1896 5445 cogerentur

274 5498 338 5537 nem
357 5488 540 5551 receperatet
560 5481 735 5551 promissum
750 5491 779 5539 et
803 5484 936 5541 mediator
957 5484 1061 5542 exstitit
1112 5476 1203 5539 abban
1227 5475 1392 5545 resil⁰¹¹d⁸¹0
1426 5488 1508 5545 super
1527 5465 1703 5541 petitionibus
1738 5466 1896 5523 m⁰¹⁸¹⁵⁸

274 5570 436 5627 Simoniacae
451 5570 603 5641 pravitatis,
617 5587 672 5642 ¹nos
687 5572 869 5645 intelligentes
893 5582 1060 5631 contractum
1111 5572 1197 5629 donec
1212 5569 1418 5625 restituerentur
1431 5566 1466 5623 ab
1486 5567 1543 5638 ipso
1555 5602 1563 5631 ,
1577 5574 1639 5620 curn
1651 5558 1782 5629 spoliatus
1796 5558 1894 5637 spolias·

310 5682 367 5746 titt
379 5682 444 5754 cap.
455 5684 521 5740 Cum
535 5699 624 5753 super.
640 5684 679 5743 lie
689 5700 746 5743 ear.
760 5700 831 5759 pass.
1148 5684 1203 5759 (lb)
1218 5683 1277 5746 tib.
1289 5698 1310 5753 t,
1324 5682 1404 5755 epist.
1416 5678 1480 5738 ott.

310 5750 368 5826 (id)
381 5752 448 5827 Cap.
461 5756 490 5823 2,
504 5754 540 5811 [se
552 5752 670 5812 consess.
