4109 6325
165 337 220 395 iii
626 331 879 393 eontmtcntos
897 333 992 393 antio
1007 333 1080 407 xli,
1100 339 1237 398 ctttttstt
1256 344 1335 401 tett.
1744 359 1798 422 ιω

487 449 639 511 [dlxxiii.
742 453 747 459 '
969 453 1097 514 iactum
1111 457 1216 514 exstitit
1230 473 1313 530 super
1326 459 1416 532 capite
1428 473 1511 536 atque
1533 467 1677 537 membris,
1690 483 1791 542 procu-

200 559 301 603 socum
319 557 416 600 sentrr
430 557 465 601 er
483 559 634 602 conversus
647 559 743 603 uusom
759 559 920 602 sonssrssu
1006 555 1083 601 rator
1095 547 1209 604 membri
1224 564 1276 604 non
1294 559 1403 644 poterat
1415 568 1496 625 apere
1509 569 1558 628 pro
1580 559 1669 629 capite
1691 562 1737 619 ubl
1760 561 1796 620 lis
1901 559 1905 570 '

477 651 650 692 romonensis.
1006 639 1803 714 percaputexstiteratcontestuta3nibilominusbacsalra·

245 728 649 798 Confirmsteisrrsonssteriam
664 725 877 798 FurtisGiprdi.
1008 729 1173 800 exceptione
1204 730 1284 786 iidem
1319 748 1510 803 procuratores
1539 741 1698 810 adjicientes
1726 745 1794 801 nibil

378 817 527 889 (Laterani,
544 835 564 875 rr
577 817 640 875 ldus
659 817 745 889 iulii.)
1006 817 1104 873 borum
1126 817 1210 876 luisse
1224 823 1367 891 probatum
1386 828 1418 882 de
1441 829 1482 884 iris
1504 847 1564 901 quar
1580 832 1688 889 inerant
1705 835 1731 890 in
1750 835 1795 891 lit·

200 913 269 970 cunr
293 927 404 968 causam
431 927 493 982 qum
507 911 579 967 iuter
602 911 716 966 dilectos
734 911 804 967 idios
828 909 956 966 eremitas
1006 909 1073 964 teris
1087 911 1288 967 commissionis
1301 925 1444 981 expressa,
1459 918 1542 987 quia,
1566 937 1626 978 errrrr
1645 937 1727 991 super
1742 924 1792 978 buc

164 1007 261 1062 Fontis
281 1003 374 1062 Giarrli
395 1017 429 1058 ex
449 1012 527 1073 parte
546 1019 599 1057 una
621 1011 648 1058 et
669 1017 719 1058 vos
742 1012 769 1058 et
792 1001 906 1057 luelluur
923 1003 957 1058 de
1006 1009 1099 1054 essent
1112 1001 1207 1056 litterae
1219 1004 1454 1074 irnpurrnmuuod
1466 1007 1569 1075 praelati
1585 1009 1685 1068 iratres
1700 1012 1795 1068 Fontis

164 1097 298 1154 llednana
322 1103 467 1167 patronum
495 1093 591 1150 Fontis
619 1095 712 1151 Giardi
741 1094 955 1151 Cenomanensis
1005 1087 1102 1146 (liardi
1128 1091 1247 1160 lucrant,
1275 1103 1305 1149 ut
1331 1095 1469 1163 dicebant,
1496 1097 1629 1155 violenter
1646 1103 1736 1172 ejecti,
1759 1103 1793 1158 lis

166 1189 296 1244 oioeeesis
311 1203 392 1257 super
404 1187 498 1242 eodem
513 1186 572 1241 luco
587 1201 619 1242 ux
633 1186 718 1242 altera
733 1187 891 1242 vertebatur
912 1187 954 1241 di·
1005 1181 1110 1236 exstitit
1130 1183 1292 1253 superabis
1317 1201 1431 1255 prorsus
1453 1201 1545 1242 corant
1570 1189 1638 1259 ipsis
1658 1191 1795 1261 jndicibus

166 1278 244 1335 lectis
262 1278 326 1333 illlis
347 1276 440 1331 abbati
459 1277 495 1331 de¹
509 1275 684 1341 Gbaloclreio,
706 1277 740 1332 G.
759 1277 955 1333 achidiacono
1006 1286 1087 1340 quom
1112 1287 1194 1343 snper
1213 1275 1345 1344 ejectione
1369 1293 1402 1333 nc
1428 1277 1557 1333 violentia
1579 1293 1745 1349 contestata,
1764 1291 1792 1339 et

165 1379 194 1424 et
220 1367 251 1422 ll.
278 1367 409 1437 magistro
435 1362 593 1420 sciolorum
623 1364 863 1435 indepavensibus
889 1364 954 1419 olim
1006 1369 1090 1419 testes
1103 1365 1183 1419 ctiam
1209 1368 1323 1422 omniuo
1341 1367 1374 1421 de
1394 1369 1454 1423 aliis
1477 1370 1666 1440 deponebam3
1695 1387 1792 1442 procu·

165 1459 325 1516 duxerimus
356 1455 599 1518 committendam,
627 1455 750 1522 partibus
779 1454 807 1509 in
834 1454 953 1524 ipsorum
1006 1464 1184 1514 ratnrveroa
1203 1461 1615 1520 vobisconcessusadcausant
1632 1478 1791 1519 corunrsar·

165 1548 307 1618 prasentia
332 1546 501 1613 constitutis,
520 1545 714 1616 ipsiosi'nntis
736 1544 832 1600 Giardi
856 1547 954 1600 iratres
1005 1549 1120 1616 pedictis
1150 1549 1289 1618 jndicibus
1316 1554 1496 1622 peragendam
1526 1555 1552 1608 in
1580 1553 1623 1608 bis
1649 1552 1795 1609 videbatur

164 1645 284 1712 ciusdem
316 1643 442 1699 dioecesis
465 1657 557 1698 corant
585 1641 626 1696 eis
659 1652 797 1710 exponere
823 1643 954 1690 curarunt
1005 1639 1191 1693 tantummodo
1211 1639 1425 1710 institutusque
1440 1643 1465 1696 in
1483 1641 1580 1698 litteris
1596 1643 1703 1698 inerant
1718 1657 1795 1697 curn-

163 1735 236 1804 quod
256 1749 319 1788 cum
335 1736 369 1788 ab
383 1733 554 1787 institutione
578 1731 665 1802 ipsius
687 1729 783 1784 domus
805 1727 952 1784 secundum
1006 1727 1144 1782 missionis
1162 1744 1300 1798 expressa,
1317 1735 1400 1796 unde,
1415 1737 1437 1788 si
1453 1749 1535 1804 super
1560 1735 1620 1788 aliis
1633 1735 1665 1789 lis
1690 1733 1795 1789 exstitit

163 1822 237 1878 beati
254 1822 391 1892 augustini
404 1819 525 1889 regulam
537 1827 733 1876 conversantes
747 1816 880 1872 vixissent
902 1815 954 1871 ibi·
968 1827 990 1881 Β
1005 1827 1172 1885 contestata,
1190 1835 1243 1876 nun
1263 1823 1352 1892 putuit
1374 1823 1484 1878 illururu
1503 1825 1625 1894 judicum
1637 1824 1795 1892 iurisdictio

164 1916 229 1969 dem
242 1915 297 1969 rita
312 1924 338 1968 et
351 1911 442 1968 babitu
465 1911 492 1964 in
514 1911 612 1964 ordine
634 1909 765 1980 regulari,
788 1906 952 1964 venerabilis
1005 1911 1159 1978 prorogari.
1175 1909 1207 1964 br
1221 1921 1330 1982 propter
1346 1913 1371 1966 id
1385 1915 1499 1971 tinnitor
1518 1917 1676 1969 asscrebant
1688 1914 1796 1984 jtrdicee

163 2003 253 2060 irater
276 2012 370 2059 noster
390 2000 548 2056 llamelinus
574 2001 789 2056 Cenomanensis
809 1999 952 2070 episcopus
1003 1999 1076 2070 ipsus
1091 2001 1180 2056 ndnus
1193 2004 1320 2058 ordinate
1336 2003 1468 2060 incudem
1484 2008 1593 2076 negotio
1604 2020 1636 2061 ac
1650 2019 1794 2078 perperam

162 2108 212 2149 ros
223 2092 375 2148 introduxit
388 2105 437 2162 pro
449 2106 505 2146 sum
530 2090 681 2146 voluntatis
699 2090 812 2145 arbitrio
834 2091 862 2144 iu
877 2102 952 2142 eant·
1002 2091 1182 2158 processisse.
1205 2091 1295 2160 Quare
1316 2109 1365 2148 vos
1381 2097 1415 2150 ab
1441 2097 1509 2164 ipsis
1526 2096 1665 2165 judicibus
1690 2099 1725 2153 ad
1747 2113 1796 2154 no·

162 2185 235 2247 dem,
251 2183 416 2252 quibusdam
431 2197 466 2237 ex
483 2181 548 2251 ipsis
572 2179 702 2235 iratribus
725 2193 774 2250 per
787 2179 949 2234 violentiam
1002 2189 1087 2236 stram
1101 2182 1266 2238 audientiam
1279 2185 1610 2256 pustrnudurnappellatis,
1620 2187 1684 2242 licet
1698 2199 1791 2251 testes,

161 2271 316 2328 consentire
328 2271 485 2342 compulsis,
514 2270 574 2325 aliis
591 2285 640 2340 per
663 2266 835 2324 simoniacas
848 2277 876 2324 et
899 2267 952 2323 illl·
1001 2272 1048 2341 qui
1065 2271 1175 2327 luerunt
1189 2274 1223 2327 ab
1237 2275 1353 2328 adversa
1368 2283 1445 2342 parte
1467 2277 1606 2346 producti,
1633 2287 1689 2334 tam
1712 2293 1796 2350 super

162 2364 230 2419 citas
240 2363 384 2432 pactiones
402 2363 417 2418 a
435 2361 512 2416 robis
531 2361 650 2416 indoctis
664 2370 695 2414 ut
714 2359 840 2415 ordinent
862 2359 952 2414 susei-
1002 2371 1076 2415 motu
1096 2377 1178 2432 quam
1194 2361 1290 2418 illicita
1316 2365 1442 2434 pactione
1455 2369 1591 2437 iteponere
1617 2369 1792 2436 videbantur,

161 2462 257 2522 pereat
269 2451 472 2517 monachalem,
487 2451 626 2506 nonnuliis
638 2449 671 2504 de
693 2449 753 2518 ipso
777 2449 892 2519 collegio
908 2463 953 2504 re·
1000 2453 1194 2506 essentiusuo
1221 2453 1375 2508 testimonio
1397 2456 1558 2526 singulares.
1582 2457 1711 2526 Proinde,
1732 2473 1794 2514 curn
1833 2521 1836 2528 ¹

163 2545 343 2600 clamantibus
358 2544 493 2600 etiuritis
508 2543 705 2613 propterquod
725 2539 852 2611 petebant
869 2554 900 2596 se
918 2553 951 2596 ac
1002 2542 1070 2597 nibil
1092 2552 1166 2598 esset
1181 2540 1215 2598 de
1233 2543 1345 2599 alterius
1369 2547 1520 2602 intentione
1538 2549 1694 2618 probatum,
1718 2558 1795 2606 etex
1894 2607 1902 2622 ‚

161 2637 271 2692 domurn
282 2649 361 2691 snam
375 2636 403 2689 in
417 2644 518 2689 statum
532 2635 677 2705 pristinum
703 2633 952 2701 auctoritateapo·
1001 2631 1101 2690 litteris
1135 2633 1214 2691 boum
1248 2638 1387 2691 memorie
1417 2636 1546 2694 Willelrui
1579 2641 1794 2697 Cenomanensis

161 2727 256 2784 stolica
271 2725 428 2782 reiormari.
439 2726 480 2779 do
493 2739 553 2794 que
566 2739 581 2778 a
592 2734 670 2795 parte
681 2731 771 2779 restra
785 2722 836 2777 luit
847 2731 873 2777 et
884 2734 952 2776 con·
1000 2727 1121 2801 episcopi
1136 2727 1281 2784 manifeste
1292 2739 1443 2798 constaret,
1457 2731 1712 2790 coullrmationibus
1724 2747 1796 2803 quo-

161 2831 242 2874 rerso
259 2830 422 2886 responsum
436 2816 509 2886 duod
530 2829 593 2869 curn
608 2814 672 2870 oiim
690 2814 834 2883 premissa
854 2813 952 2868 domos
1001 2832 1054 2889 que
1070 2817 1156 2874 leticis
1167 2817 1366 2874 recordationis
1380 2818 1493 2890 liugeuii
1508 2829 1537 2875 et
1556 2820 1703 2876 Alexandri
1718 2835 1795 2892 prar-

161 2910 257 2964 tamin
274 2907 565 2979 tesrnporaiibusquam
580 2906 951 2977 inspiritualibusobritara
1001 2907 1174 2962 decessorum
1216 2917 1371 2962 nostrorum
1406 2911 1566 2979 puntittcum
1603 2905 1793 2966 Rornanorum

160 3000 432 3058 etconrersatiunem
445 2999 472 3054 in
483 2999 576 3054 eadem
586 2997 766 3054 habitantium
777 2997 953 3052 inhonestant
1001 2995 1173 3067 postmodum
1187 2995 1353 3059 subsecutis,
1374 2997 1534 3067 sepelatum
1549 2997 1638 3054 locum
1654 3013 1717 3054 essu
1730 3014 1795 3068 per·

161 3092 219 3148 iere
235 3092 271 3146 ad
286 3090 402 3146 sibilum
426 3090 591 3156 devenisset,
610 3090 667 3160 jam
683 3089 773 3145 dictus
796 3089 950 3160 episcopus,
1003 3087 1123 3142 tinentiis
1137 3084 1192 3141 suls
1212 3085 1247 3141 de
1261 3100 1397 3142 coissemu
1423 3085 1540 3142 iratrum
1567 3087 1750 3146 habitantium
1765 3091 1793 3146 'tu

159 3186 281 3257 eiusdem
296 3184 393 3239 domus
407 3182 642 3238 consentientibus
662 3179 803 3243 iratribus,
830 3192 879 3233 ros
900 3147 987 3232 ibl-c
1002 3180 1098 3235 eodem
1117 3182 1286 3236 monasterio
1298 3188 1389 3235 restro
1413 3179 1497 3236 inisse
1513 3181 1654 3249 collatum,
1682 3194 1708 3238 et
1722 3198 1794 3255 prte-

160 3278 223 3333 ‹lcnr
235 3276 332 3333 statuit
342 3274 541 3331 intrumilitatis
552 3274 650 3343 spiritu
661 3272 777 3328 bomiuo
788 3270 950 3336 servituros,
1003 3270 1104 3325 missos
1120 3268 1278 3327 llamelinus
1291 3270 1505 3327 Cenomanensis
1522 3272 1666 3341 episcopps
1686 3278 1793 3329 moder·

160 3367 272 3421 doraum
288 3366 375 3434 ipsam
389 3364 532 3434 assignans
544 3362 620 3417 robis
634 3376 697 3418 eoru
708 3361 767 3416 sols
781 3358 953 3431 pertinentiis
1002 3361 1046 3416 nis
1061 3362 1240 3431 temporibus,
1266 3375 1315 3432 pro
1338 3376 1372 3418 eo
1386 3363 1458 3433 qood
1481 3364 1533 3419 luci
1554 3364 1677 3434 ejusdcm
1693 3364 1795 3423 iratres

160 3455 311 3510 universis.
326 3452 433 3509 Sedbis
448 3451 620 3523 postmodum
634 3464 726 3506 coram
738 3451 804 3521 ipsis
814 3448 951 3517 iudicibus
1003 3453 1065 3508 vitoe
1074 3468 1105 3509 ac
1117 3453 1333 3509 conversationis
1345 3456 1508 3511 exstiterant
1517 3454 1665 3523 dissolutae,
1678 3456 1793 3513 duorum
1825 3469 1833 3486 ·

161 3544 322 3613 propositis,
345 3544 464 3598 seriatim
482 3544 516 3599 tie
534 3555 618 3597 eausa
632 3541 793 3597 mutationis
816 3540 906 3607 illios,
922 3547 950 3597 et
1001 3543 1254 3600 confirmationibus
1277 3546 1547 3615 metropolitanorum
1562 3546 1699 3614 obtentis,
1716 3562 1792 3603 eum·

157 3648 197 3688 am
213 3634 314 3689 iratres
325 3632 416 3689 Fontis
430 3633 524 3691 ctsrot
539 3632 741 3690 consensissent
754 3630 896 3702 spontanei
907 3630 950 3687 rei
1001 3633 1062 3687 dem
1081 3632 1168 3687 lucum
1183 3634 1216 3688 de
1230 3648 1363 3689 consensu
1377 3635 1492 3690 iratruru
1513 3646 1606 3693 vestro
1622 3638 1791 3694 monasterio

156 3722 251 3788 inriti,
267 3738 382 3779 necnon
400 3724 474 3778 etde
494 3724 556 3778 aliis
568 3722 792 3784 circumstantiis,
806 3735 841 3777 ex
863 3729 945 3789 parte
1000 3726 1189 3793 concessisset,
1204 3728 1327 3797 predicti
1351 3734 1543 3798 procuratores
1564 3730 1647 3785 vestri
1669 3747 1683 3785 a
1706 3730 1790 3787 nobis

157 3816 282 3885 ipsorum
297 3816 411 3869 tranum
424 3816 587 3871 exstiterunt
598 3814 722 3886 producti
736 3821 820 3869 testes
835 3814 862 3867 in
878 3826 950 3882 prat·
999 3817 1174 3889 postulabant
1204 3818 1339 3873 instanter
1364 3827 1394 3873 ut
1418 3816 1553 3888 sepsistis
1579 3820 1673 3875 Fontis
1696 3818 1792 3877 Giardl
1906 3822 1908 3835 '

156 3908 247 3962 ”ulli
264 3908 433 3964 fflfflffltliffl·
453 3908 574 3975 Qll⁰lt¹¹¹¹
598 3905 706 3960 landem
729 3902 949 3959 bllffllellffltlltttss
999 3908 1128 3967 iratribus
1138 3919 1297 3981 perpetuum
1309 3909 1446 3966 silentium
1456 3911 1594 3978 imponere
1605 3910 1790 3981 dignarentur.

157 3998 314 4069 publicatis,
328 4000 393 4070 qrria
408 4000 510 4056 eisdem
518 3997 657 4065 istriicibus
673 3996 788 4051 ardrsnur
810 3997 947 4066 negotium
998 4000 1041 4057 Ad
1060 4002 1117 4057 inec
1130 4008 1220 4055 autem
1245 4014 1309 4069 pars
1323 4000 1439 4055 adversa
1465 3999 1603 4071 respoudit
1627 4000 1699 4069 ptsod
1722 4016 1792 4069 prrs-

155 4098 185 4143 et
196 4090 231 4144 asl
244 4090 442 4161 expediendum
459 4104 508 4160 pet·
526 4091 599 4159 ipsos
618 4086 809 4145 tlilllcillimrsru
827 4088 947 4159 rptrodnrn
998 4089 1087 4147 dictus
1100 4099 1261 4161 procuratur
1271 4089 1387 4143 iratrum
1403 4089 1437 4142 de
1452 4088 1564 4145 linceio
1577 4088 1644 4144 satis
1655 4097 1715 4143 erat
1731 4090 1791 4144 ido·

155 4180 240 4237 motio
264 4180 427 4247 ridebatur,
453 4182 522 4237 sicut
550 4196 643 4237 eorum
674 4178 840 4235 transmisse
869 4178 948 4235 nobis
998 4193 1065 4234 neus
1075 4181 1108 4235 ad
1119 4179 1264 4248 apendum',
1276 4194 1338 4235 curu
1353 4179 1514 4248 rescriptum
1527 4178 1592 4235 iilud
1608 4187 1662 4234 taur
1681 4180 1790 4236 numine

154 4272 257 4326 littere
267 4270 454 4337 continebant,
468 4286 579 4327 causam
600 4272 686 4341 ipsam
710 4284 771 4324 cum
794 4267 971 4346 attestatio·¹
997 4270 1119 4343 ipsorum
1137 4272 1171 4327 de
1189 4269 1300 4326 linceio
1328 4284 1409 4340 quarn
1434 4266 1529 4325 Fontis
1554 4267 1648 4325 cardi
1674 4271 1789 4325 fratrum

154 4361 252 4428 nibus,
275 4362 344 4417 actis
362 4371 391 4418 et
412 4361 598 4418 instrumentis
621 4362 656 4416 ad
677 4374 727 4416 uos
752 4360 817 4416 dicti
839 4357 946 4425 iudices
997 4362 1095 4421 inisset
1117 4364 1298 4421 cummuniter
1326 4364 1517 4433 impetratum
1539 4363 1701 4434 prasertim,
1725 4378 1789 4419 curu

155 4455 380 4511 ‘'millimi-
394 4453 516 4523 Cumque
533 4453 644 4508 demum
658 4451 749 4508 illlecll
772 4451 820 4505 filil
835 4448 945 4507 Gattltl·
960 4448 1372 4535 p‘asserereturdomuseadem
1387 4470 1470 4511 uurrm
1485 4470 1594 4524 corpus,
1608 4464 1636 4511 et
1650 4471 1731 4511 causa
1745 4454 1789 4509 in-

153 4542 389 4600 ¹¹⁰⁵0²G²¹¹0ffl⁸
415 4543 541 4599 melchi
566 4541 651 4598 'eslii
677 4548 706 4597 el
729 4540 751 4595 l·
774 4537 888 4594 stillum
912 4539 946 4595 de
998 4557 1041 4605 ter
1055 4562 1102 4604 eos
1115 4554 1315 4619 proponeretur
1334 4546 1506 4613 eommunis3
1528 4546 1650 4615 allegans
1661 4544 1726 4599 illud
1739 4544 1787 4599 tir·

152 4636 269 4692 Llssoelll
282 4643 475 4705 llloclmlorel
487 4641 602 4704 iiiiiir
614 4634 666 4697 ¹¹⁰⁰.
677 4646 707 4689 ὅθ
719 4640 816 4687 libello
828 4643 945 4699 conspe·
995 4639 1078 4695 miter
1089 4652 1143 4695 non
1158 4639 1267 4694 obstare
1281 4636 1353 4707 qrrod
1368 4652 1382 4691 a
1396 4643 1472 4705 parte
1493 4644 1582 4690 vestra
1599 4634 1704 4690 exstitit
1720 4642 1789 4688 tone

151 4729 212 4786 clttl
231 4734 453 4799 nmenlnssenb
477 4714 604 4782 dilectum
627 4724 713 4780 ssllttm
727 4723 758 4779 la·
773 4721 945 4793 capellanum
994 4730 1360 4801 objectum,procuratorem
1374 4727 1490 4793 dictum,
1514 4742 1529 4781 a
1555 4725 1633 4781 robis
1656 4724 1786 4781 vilelicet

151 4828 280 4876 nostrum
301 4819 344 4875 eis
364 4818 547 4875 concessurus
572 4814 735 4871 andrunnun.
763 4812 862 4869 coram
889 4824 944 4883 quo
994 4820 1182 4883 constitutum,
1200 4833 1254 4874 non
1269 4816 1391 4886 potuisse
1415 4814 1490 4869 ttrem
1511 4827 1595 4883 snper
1616 4811 1787 4868 dissonae-

149 4910 279 4983 praeced
296 4918 489 4981 procuratores
519 4907 603 4963 vestri
633 4918 784 4977 proponere
808 4912 943 4960 curarunt
994 4911 1062 4967 stari
1074 4926 1133 4982 quar
1145 4925 1198 4966 non
1213 4909 1321 4964 inerant
1341 4908 1369 4961 iu
1393 4906 1493 4961 litteris
1511 4903 1714 4962 commissionis
1736 4918 1784 4959 an·

149 5004 228 5073 qnod
246 5003 270 5059 is
284 5004 330 5074 qni
343 5002 610 5073 expartedictorom
624 5000 799 5056 eremitarum
815 5012 869 5053 nna
881 5011 944 5053 enm
994 5016 1079 5067 nexa,
1106 5014 1160 5057 nee
1180 5000 1285 5069 jndices
1297 5000 1380 5055 ettam
1408 5006 1502 5071 partes
1525 5010 1588 5051 suas
1612 4997 1786 5067 interponere

148 5094 248 5165 ponte
271 5094 305 5150 de
319 5094 439 5162 „blaceio
461 5108 492 5150 ss
513 5091 566 5149 sibl
585 5090 755 5147 contrarium
777 5088 943 5159 opponebat,
993 5094 1126 5167 potuisse,
1140 5104 1201 5149 curu
1223 5090 1257 5146 sd
1272 5091 1345 5162 ipsos
1359 5088 1511 5161 nequiverit
1521 5084 1675 5157 iurisdictio
1687 5098 1785 5157 proro-

148 5194 283 5241 munerat
297 5185 412 5242 idoneus
425 5196 598 5257 procurator,
619 5198 681 5239 com
695 5190 797 5241 esssta
812 5180 944 5237 iratribus
993 5187 1065 5261 μή,
1077 5184 1158 5251 Nam,
1181 5196 1244 5240 cum
1266 5183 1300 5238 tis
1324 5195 1372 5253 per
1385 5180 1548 5253 principales
1574 5192 1707 5250 personas
1718 5190 1786 5231 con·

146 5276 190 5334 de
208 5276 320 5333 linceio
336 5286 442 5333 uatum
464 5279 629 5333 constitutus
643 5274 672 5330 iu
686 5272 735 5329 lite
754 5285 814 5343 que
835 5286 851 5328 a
874 5286 945 5342 prae·
993 5286 1092 5335 testata
1107 5274 1298 5355 luisset,sicut
1313 5274 1341 5327 in
1354 5270 1487 5329 relatione
1503 5268 1624 5340 iudicum
1641 5265 1780 5338 conspici·

146 5370 237 5425 uictis
263 5368 395 5425 iratribus
419 5368 513 5425 i’ontis
541 5367 635 5425 Glatdl
659 5365 749 5421 iberti
773 5372 942 5427 consectata,
994 5379 1038 5427 tur
1059 5366 1206 5435 contineri,
1228 5380 1278 5423 nec
1298 5364 1325 5419 in
1351 5364 1407 5421 titis
1423 5360 1624 5419 contestatione
1646 5372 1698 5415 nec
1718 5366 1783 5429 pest

148 5462 220 5519 iicet
245 5463 353 5521 illorum
378 5464 482 5521 nullum
505 5472 597 5535 posset
619 5462 750 5519 exbibete
773 5460 942 5516 mandatum.
992 5461 1203 5535 publicationem
1216 5456 1325 5514 testium
1343 5455 1370 5511 id
1383 5453 1533 5511 exstitisset
1551 5450 1708 5519 objectum,
1729 5462 1782 5504 nee
1837 5446 1839 5451 '

147 5554 235 5622 Nam,
250 5569 407 5626 qumquam
420 5555 499 5612 loeus
510 5553 702 5621 ille,binceius
712 5549 942 5617 videlicet,ionti
992 5552 1064 5624 quod
1081 5565 1131 5622 per
1149 5554 1351 5621 procuratorem
1377 5544 1501 5603 eumdem
1527 5542 1630 5600 lactum
1643 5540 1742 5605 luerat,
1764 5552 1781 5595 a

145 5646 247 5704 Giardi
262 5657 392 5720 unquam
405 5648 488 5718 capiti
499 5648 537 5705 sit
548 5646 695 5715 subiectos,
707 5644 779 5701 etde
793 5643 852 5713 ipso
866 5656 944 5699 com·
980 5642 1070 5698 ,vobis
1095 5640 1220 5712 protinus
1245 5636 1458 5703 contradictum,
1483 5630 1638 5703 huiusmodi
1661 5629 1781 5699 obiectio

146 5741 292 5799 nummula
316 5740 414 5799 msera
436 5740 539 5799 iaciant
561 5741 738 5806 mendacem,
761 5738 827 5808 quta
850 5746 941 5793 taurea
962 5797 970 5809 p
992 5730 1110 5791 debebat
1130 5730 1227 5791 irivola
1252 5726 1385 5801 reputari.
1400 5724 1514 5781 benum
1529 5732 1619 5781 autem
1644 5736 1678 5779 es
1700 5726 1780 5793 parts
