4109 6325
292 290 345 349 stt

745 280 939 343 inuoceurrt
958 279 990 336 lll
1008 278 1062 337 PP.
1082 274 1317 335 neersrttutttt
1337 272 1401 331 titt.
1421 270 1492 330 itit.
1878 270 1924 330 eit

292 400 416 475 requisiti
424 398 583 459 reddererel
592 396 897 461 recrederenoluemnt,
904 395 1086 450 denoodictns
1100 396 1123 453 h
1138 389 1332 462 praeligendum
1346 382 1555 459 legitimerobis
1568 380 1722 439 eonstiterit
1735 380 1834 453 injuste
1849 382 1926 438 tuisse

292 494 416 551 officialis
439 508 486 547 cos
502 486 793 547 excommunicationis
809 501 896 555 poenae
911 484 1037 553 subjecit,
1058 494 1086 539 et
1136 478 1206 535 latas
1221 479 1370 535 sententias
1385 476 1553 539 antedictas,
1568 473 1640 545 ipsos
1658 474 1732 530 ciues
1746 490 1779 530 ac
1791 474 1926 543 tttejnsso·

293 588 431 643 ciuitatem
446 585 644 645 senonensem,
659 582 686 633 in
700 596 752 649 qam
765 580 926 634 tenebantur
936 576 964 631 in
975 591 1086 632 carcere

294 679 400 748 religati
432 677 556 730 homines
580 674 707 729 Ecclesiae
738 680 914 733 memoratu,
945 670 1087 740 supposuit

294 768 448 823 interdicto.
480 767 684 837 consequenter
707 778 771 819 uero
797 764 861 817 dicti
883 764 958 817 circs
975 772 1087 833 propter

294 875 371 915 suain
386 858 586 914 contumaciam
601 856 791 923 manifestam,
805 855 866 925 quia
883 854 1047 924 respondere
1059 852 1086 907 iu

294 950 445 1004 Senoueusi
461 950 536 1003 curia
552 955 793 1017 contempserunt,
810 946 983 999 occasionem
1000 943 1086 997 irivo-

294 1041 348 1095 lam
371 1043 574 1111 prntcndcndo,
596 1048 624 1094 et
646 1039 710 1109 quia
729 1036 874 1091 uoluerunt
897 1050 1008 1089 securos
1026 1034 1088 1089 red-

294 1132 361 1186 dere
376 1132 500 1188 homiues
515 1130 644 1185 Ecclesiae
664 1128 756 1183 Sancti
773 1128 858 1192 Petri,
875 1126 947 1182 sicut
965 1140 1014 1196 per
1027 1125 1088 1181 ori·

294 1224 372 1279 cialis
386 1223 490 1293 praelati
509 1222 671 1279 sententiam
688 1219 777 1275 iuerat
795 1218 953 1285 diffinitum,
968 1232 1019 1273 nec
1034 1232 1087 1272 non

294 1323 324 1369 ct
351 1314 414 1382 quia
437 1312 551 1367 reddere
581 1312 727 1366 noluerunt
749 1325 793 1365 rcs
812 1310 952 1377 cujrrsdam
981 1307 1089 1362 lcminae

297 1403 384 1471 ipsius
399 1402 528 1458 Ecclesiae
543 1416 610 1471 quas
633 1409 775 1470 ceperant,
797 1398 895 1454 iterato
918 1413 968 1468 per
986 1398 1098 1453 dictum.

295 1494 438 1551 officialem
456 1494 568 1563 insuper
580 1491 679 1562 triplici
691 1490 981 1546 excurramunicationis
992 1489 1089 1559 laqueo

296 1597 361 1643 sunt
387 1587 512 1650 astricti;
539 1586 633 1655 sieque
658 1594 712 1639 tam
738 1585 915 1655 grauipoenae
945 1584 1090 1654 quinquies

297 1679 394 1747 subjici
421 1686 588 1733 meruerunt.
621 1676 796 1731 Postmodum
824 1684 914 1730 antem
941 1676 975 1729 ad
997 1684 1090 1745 partes

1138 586 1182 627 res
1196 586 1291 627 eorum
1306 572 1341 625 ab
1356 568 1477 623 emendis
1491 567 1599 638 penitus
1616 566 1773 632 absolvatis,
1786 576 1813 623 ct
1825 568 1926 625 iacietis

1137 664 1161 717 ci
1177 678 1296 732 corrgruc
1311 662 1437 717 satisfieri
1457 662 1490 715 de
1512 659 1621 729 injuriis
1645 658 1783 730 irrogatis.
1804 660 1926 729 Alioquin

1138 761 1193 807 tam
1209 753 1283 822 ipsos
1298 767 1380 823 quam
1398 750 1568 821 fidejussores
1587 764 1682 805 eorum
1707 752 1741 805 ad
1762 750 1929 807 satisfacien-

1139 842 1203 895 dum
1222 842 1344 911 plenarie
1362 843 1395 896 dc
1418 840 1527 910 injuriis
1547 848 1574 896 ct
1595 841 1719 895 emendis
1737 848 1766 896 et
1788 844 1929 898 restituen-

1139 932 1204 987 dum
1221 933 1312 988 omnia
1328 947 1388 1003 quae
1408 942 1519 1003 propter
1537 933 1588 987 hoc
1608 933 1750 987 restituere
1771 932 1929 989 terrebuntur

1140 1037 1347 1091 percensuram
1361 1022 1578 1079 ecclesiasticam
1593 1023 1773 1093 appellatione
1785 1027 1928 1095 postposita

1139 1112 1317 1183 compellatis.
1348 1112 1424 1179 Qaaod
1454 1112 1476 1167 si
1499 1128 1552 1167 nou
1573 1128 1687 1179 omnes,
1716 1123 1782 1171 etc..
1808 1116 1861 1170 duo
1888 1131 1930 1171 re-

1140 1211 1236 1266 strum,
1255 1208 1307 1256 etc.
1325 1200 1365 1254 Tu
1381 1200 1509 1269 deniqne,
1523 1200 1559 1253 bii
1574 1202 1668 1265 olibas,
1682 1212 1736 1257 etc.
1817 1200 1825 1217 '

1177 1292 1272 1345 Datum
1287 1288 1428 1353 Laterani,
1442 1290 1533 1343 ldibus
1551 1288 1693 1354 Nescania,
1703 1292 1930 1361 poartilicatusno·

1140 1384 1190 1442 stri
1209 1400 1280 1443 anno
1293 1398 1371 1444 sexto
1385 1387 1502 1443 deciano.

1485 1476 1577 1535 CXLV

1141 1584 1174 1624 us
1191 1584 1279 1627 cuano
1298 1584 1411 1627 uanrsco
1432 1583 1468 1625 sa
1493 1583 1527 1623 ur
1552 1582 1748 1625 concurretant
1768 1584 1931 1636 renarrans,

1175 1676 1210 1716 er
1230 1674 1334 1717 ascaro
1353 1674 1591 1717 cnarsrrantrarts
1611 1675 1644 1715 ur
1665 1676 1837 1728 rtosreaoso,
1856 1678 1933 1717 roua·

297 1770 357 1824 illas
378 1770 509 1824 accedens
528 1769 644 1823 dilectus
665 1768 736 1823 blirrs
751 1766 891 1822 Robertus
909 1766 980 1821 tituli
995 1766 1088 1821 Sancti
1107 1745 1127 1799 Β
1176 1766 1268 1809 ΝΕΝΰΙὸ
1286 1768 1322 1809 ΕΤ
1340 1768 1514 1809 tfllltdflb'sll
1533 1767 1689 1808 bioecesurt.

297 1860 427 1930 Stephani
444 1860 471 1914 in
484 1860 571 1915 cutio
584 1867 675 1915 rnonte
688 1859 831 1931 presbyter
845 1856 1008 1920 cardinalis,
1025 1873 1092 1926 apo·

296 1949 399 2005 stolicae
412 1950 484 2005 sedis
498 1950 622 2021 legatus,
637 1958 665 2005 et
678 1964 771 2004 coram
784 1963 814 2004 se
827 1955 1090 2017 utramquepartem

297 2042 401 2097 iaciens
417 2043 595 2111 presentari,
616 2042 783 2113 praescriptis
801 2040 898 2111 maiori
915 2049 943 2096 et
963 2040 1088 2109 paribus.

1247 1844 1288 1901 De
1303 1846 1490 1917 resurreetione
1505 1846 1658 1900 monosterii
1673 1844 1704 1901 S.
1718 1845 1828 1901 duduci.

1284 1934 1442 2007 (Laterani,
1457 1949 1523 1990 xrru
1538 1930 1598 1990 llal.
1614 1934 1793 2006 Decembris.)

1179 2023 1253 2096 (trs)
1266 2026 1385 2083 Dilectus
1397 2026 1468 2081 salius
1479 2026 1564 2083 abbas
1578 2025 1673 2082 Sancti
1687 2025 1781 2083 duduci
1794 2028 1934 2098 proposuit

298 2143 409 2204 recepto
422 2134 497 2204 prius
518 2134 552 2189 ab
572 2134 638 2204 ipsis
658 2134 835 2205 corporaliter
846 2134 1002 2205 juramento
1018 2133 1091 2203 quod
1142 2130 1234 2171 wilm
1251 2116 1330 2173 ¹¹⁰¹ll⁸
1346 2118 1419 2188 quod
1438 2131 1501 2173 0⁰⁰¹
1526 2116 1590 2172 ⁰¹5¹¹¹
1610 2125 1720 2188 lilimr
1736 2116 1934 2175 ³¹¹0l5215⁰ss²m

190 2236 202 2245 ·
297 2224 434 2278 mandatis
453 2223 513 2291 ejus
535 2225 562 2277 in
576 2224 704 2280 omnibus
720 2234 748 2279 et
764 2240 812 2295 per
829 2223 921 2277 omnia
938 2221 1090 2284 obedirent,
1143 2212 1234 2267 oneris
1254 2212 1407 2269 debitorum
1424 2214 1523 2284 quibus
1536 2212 1595 2283 ejus
1618 2214 1814 2270 monasterium
1832 2227 1935 2284 preme·

298 2314 459 2371 beneficium
489 2315 667 2371 absolutionis
692 2314 834 2386 impendit,
863 2314 1025 2384 precipiens
1052 2313 1092 2367 eis
1144 2301 1243 2369 bittit.
1262 2312 1290 2359 et
1308 2304 1510 2375 deprimendam
1535 2305 1714 2375 quorumdam
1737 2305 1935 2359 contumaciam

298 2408 414 2463 uenerint
429 2408 455 2462 ῑη
470 2408 571 2463 uirtute
586 2408 700 2478 mseras
713 2406 860 2475 pinameni}
881 2406 953 2475 quon
967 2403 1091 2459 ecclesias
1143 2396 1348 2464 moirachomm,
1361 2398 1517 2465 apostoticae
1528 2398 1599 2453 sedis
1610 2398 1741 2453 auxilinm
1751 2396 1934 2465 iruplorasset,

298 2500 434 2568 praediclae
448 2510 544 2568 captos
559 2499 684 2554 homines
696 2498 844 2553 liberarent
855 2505 883 2553 et
896 2496 1025 2551 timendas
1042 2495 1092 2548 ll'i·
1143 2486 1177 2540 dil
1192 2486 1350 2555 politionem
1371 2488 1456 2560 ipsius
1472 2488 1549 2545 robis
1563 2490 1687 2545 dedimus
1708 2488 1735 2543 in
1756 2490 1893 2545 mandatis
1906 2500 1935 2543 ut

297 2591 431 2656 haerent,
446 2605 480 2645 ac
494 2591 605 2660 insuper
626 2590 660 2643 rie
681 2588 817 2644 soluendis
837 2585 1093 2643 excommunicatio·
1144 2579 1178 2633 ed
1191 2577 1294 2634 dictum
1311 2582 1506 2636 nonasterium
1522 2582 1702 2652 personaliter
1722 2583 1895 2643 accedentes,
1912 2583 1936 2636 ci

297 2698 362 2737 nuru
387 2682 510 2737 emendis
539 2695 591 2735 nec
613 2694 668 2735 oon
691 2688 720 2734 et
738 2679 772 2733 de
793 2678 967 2734 restituendis
985 2676 1092 2747 integre
1144 2668 1205 2725 rice
1219 2680 1313 2727 nostra
1329 2670 1493 2729 visitationis
1505 2672 1697 2742 impenderetis
1709 2672 1838 2737 odicium,
1850 2672 1938 2727 corri-

299 2772 434 2827 unirersis
454 2787 515 2842 que
535 2770 701 2827 restituenda
719 2769 821 2835 lorent,
844 2768 1018 2839 fidejussores
1032 2766 1091 2823 ido·
1144 2762 1231 2831 genio
1245 2770 1274 2817 ct
1287 2761 1469 2821 ¹reformando
1489 2764 1516 2817 in
1543 2764 1602 2832 ipso
1623 2779 1683 2832 qnae
1703 2764 1861 2820 irraeniretis
1880 2780 1938 2821 cur·

298 2878 366 2919 neos
377 2862 550 2931 exhiberent,
562 2864 633 2919 sicut
643 2868 813 2932 praesentatas
824 2861 902 2916 nobis
912 2861 998 2932 ipsius
1008 2861 1091 2929 legati
1144 2852 1274 2909 rectionis
1283 2860 1311 2907 et
1323 2853 1525 2909 reformationis
1535 2853 1623 2909 ollrcio
1634 2856 1765 2925 indigere.
1777 2854 1833 2910 l'os
1846 2866 1939 2911 autem

298 2952 398 3007 itterac
412 2952 598 3009 continebant.
615 2952 666 3021 ipsi
682 2966 758 3017 uero,
778 2950 841 3005 licet
853 2950 979 3006 homines
992 2949 1093 3006 tibera-
1144 2942 1226 3013 huius
1239 2944 1402 3000 auctoritate
1417 2946 1538 2999 mandati
1550 2948 1673 3015 quedam
1687 2962 1735 3017 pro
1750 2956 1828 3018 parte
1842 2949 1940 3017 inipso

300 3046 363 3108 rint,
381 3052 471 3115 spreta
483 3053 572 3099 tamen
584 3042 754 3113 postmodum
770 3042 798 3097 in
813 3056 924 3098 suerum
939 3041 1091 3112 periculum
1145 3037 1312 3092 monasterio
1334 3037 1505 3102 correxistis,
1520 3034 1709 3105 jurisdictione
1733 3038 1810 3093 uultis
1831 3038 1857 3092 iu
1878 3040 1940 3095 aliis

299 3133 451 3190 animarum
468 3133 597 3205 religione
615 3131 731 3204 prestiti
747 3130 909 3204 juramenti,
931 3134 1092 3189 mandatum
1146 3136 1295 3196 reservata,
1320 3140 1351 3185 ut
1374 3139 1451 3187 certo
1478 3140 1599 3200 tempore
1621 3130 1747 3186 rediretis
1773 3132 1807 3186 ad
1836 3140 1937 3188 statnru

300 3224 385 3296 ipsius
408 3225 555 3282 cardinalis
577 3225 692 3294 implere
714 3224 748 3281 de
769 3224 902 3282 iaciendis
923 3224 1047 3282 emendis
1066 3234 1094 3282 et
1145 3221 1229 3293 ipsius
1257 3223 1414 3300 monasterii
1441 3223 1562 3294 plenarie
1589 3223 1802 3280 relormandum.
1828 3225 1940 3281 interim

299 3315 519 3385 adeiussionibus
542 3317 702 3374 exhibendis
725 3317 836 3389 penitus
856 3325 1093 3388 metempserunt,
1145 3321 1234 3367 autem
1248 3326 1296 3384 per
1310 3314 1435 3368 nuntium
1448 3313 1612 3369 venerabilis
1626 3313 1720 3368 fratris
1730 3313 1814 3368 nostri
1825 3317 1941 3369 Atttltia-

298 3405 372 3460 sicut
388 3421 438 3477 per
459 3407 564 3465 litteras
580 3417 770 3465 exsecutorum
787 3407 891 3480 praelati
914 3408 996 3481 legati
1015 3411 1094 3466 nobis
1145 3404 1237 3462 oensis
1254 3405 1375 3476 episcopi
1402 3403 1436 3460 ad
1458 3406 1585 3461 abbatem
1609 3415 1636 3461 et
1655 3406 1771 3478 priorem
1796 3405 1831 3460 dc
1850 3405 1942 3462 caran

298 3499 423 3553 constitit
436 3498 591 3554 manifeste.
605 3500 673 3555 tlnm
688 3500 771 3570 igitur
785 3500 934 3558 cardinalis
944 3503 1094 3573 pradictus
1144 3495 1299 3552 dioecesana
1314 3495 1364 3553 sibi
1378 3497 1437 3568 lere
1452 3499 1589 3571 subjectos
1604 3508 1631 3555 et
1642 3500 1849 3556 harebarensem
1871 3515 1941 3572 prn-

299 3587 329 3644 lu
346 3590 455 3660 negotio
475 3593 565 3647 crucis
578 3591 725 3648 bointnieae
741 3593 926 3662 promouendo
940 3595 1094 3667 multipiici.
1144 3587 1407 3659 positumquondam
1421 3605 1499 3646 sarum
1509 3589 1724 3646 concanonicum
1733 3601 1759 3646 et
1769 3593 1880 3663 speciali
1890 3592 1942 3648 sibi

301 3687 343 3736 ter
365 3691 525 3751 occupatus,
551 3682 680 3738 decisioni
709 3682 790 3752 huius
815 3699 904 3740 csrrsae
929 3700 982 3742 nun
1007 3687 1095 3744 natent
1145 3677 1333 3737 lanailiaritatc
1349 3680 1524 3750 corrjamctum
1544 3697 1559 3738 a
1576 3683 1640 3738 sede
1659 3683 1807 3756 apostolica
1824 3686 1941 3754 quibus--

300 3771 405 3842 sbsqrre
428 3771 570 3842 dispendio
593 3774 742 3842 irruerem,
769 3789 818 3830 nec
848 3775 964 3832 velimus
990 3787 1094 3833 nariam
1144 3767 1206 3824 datm
1222 3771 1395 3840 generalibus
1417 3771 1516 3828 litteris
1543 3773 1696 3842 impetratis
1720 3789 1802 3845 snper
1825 3776 1943 3844 iraqansi-

301 3862 1093 3934 contumaciamtotqueiniurias,quaeasserunturcbristi
1145 3861 1219 3918 tione
1249 3862 1371 3918 iacienda
1399 3863 1425 3918 in
1451 3865 1624 3921 nionasteriis
1654 3882 1702 3936 per
1729 3867 1941 3923 unitrinrrensen

300 3953 582 4023 Ecclesiaeicrogatae,
606 3957 696 4011 surdis
714 3959 827 4013 aurilms
846 3960 1023 4028 pertransire,
1049 3977 1095 4016 nn.
1144 3953 1283 4010 clicecesiru
1312 3955 1477 4020 constitutis,
1507 3956 1587 4011 iidem
1615 3959 1758 4014 occasione
1785 3959 1944 4014 litterarum

301 4042 389 4098 lentes
409 4044 490 4097 ctiam
513 4044 647 4100 dictorum
670 4045 782 4116 majoris
802 4056 829 4104 ct
844 4049 943 4105 cisium
961 4051 1094 4121 spirituali
1146 4044 1263 4115 ipsarum
1279 4046 1305 4101 in
1325 4056 1473 4103 memorato
1486 4050 1651 4104 monasterio
1666 4047 1758 4105 Sancti
1777 4047 1942 4106 111ᾱοῑίνο-

300 4133 876 4204 pericuiopraecavere,‹liseretioninestrae
887 4143 1093 4211 pernpnssnlica
1145 4133 1238 4192 lebant
1254 4138 1430 4194 correctionis
1449 4137 1566 4194 officiunt
1589 4153 1727 4196 exercere.
1750 4139 1849 4196 Verum
1877 4157 1943 4198 curu

301 4226 402 4294 scripta
419 4227 776 4298 praecipietrdonraodamus
799 4243 935 4302 quatenus
956 4235 1008 4290 nisi
1029 4236 1094 4292 dicti
1129 4225 1229 4282 abbas
1256 4237 1284 4282 (ει
1310 4239 1460 4287 ⁰⁰¹¹l⁰¹¹ltis
1486 4233 1519 4286 ³¹¹
1545 4247 1637 4287 eornm
1662 4233 1739 4288 ⁶3¹³st
1765 4235 1943 4302 diffinii-lm

301 4316 429 4385 majoret
449 4333 529 4390 pares
555 4321 684 4377 emendas
703 4323 827 4388 iecerint,
854 4333 881 4379 ea
901 4325 935 4380 ate
957 4327 1094 4384 solvendis
1146 4321 1271 4390 rescripti
1300 4325 1438 4392 apostolici
1468 4325 1573 4396 copiam
1596 4325 1647 4380 sibi
1669 4323 1736 4390 heri,
1755 4335 1784 4379 ut
1802 4341 1835 4380 ex
1856 4326 1944 4396 ipsius

301 4410 462 4466 carendisee
475 4413 1095 4491 rmaituendtsintregrennivnrnisquaepmprep
1109 4426 1132 4482 p
1147 4419 1242 4467 tenore
1261 4423 1400 4468 constaret
1423 4415 1444 4468 si
1467 4416 1533 4470 tales
1551 4414 1725 4484 inquisitores
1744 4417 1879 4472 baberent
1897 4417 1945 4470 ali-

302 4499 360 4555 haee
374 4503 517 4558 restituere
533 4506 711 4571 tenebuntur,
728 4505 902 4575 fideiussores
921 4510 1032 4566 idoncos
1045 4511 1093 4566 dc·

301 4596 392 4652 derint
419 4599 625 4672 archiepiscopo
649 4615 811 4669 memorato,
836 4616 916 4677 prout
939 4608 980 4664 cis
1004 4609 1093 4667 dictur

301 4691 449 4746 cardinalis
468 4696 599 4764 praecepit
624 4696 784 4752 subdubito
802 4699 916 4768 praestiti
935 4700 1092 4771 juramenti,

301 4797 350 4836 ros
363 4784 438 4851 ipsos
452 4786 612 4841 auctoritate
628 4796 720 4842 nostra
739 4789 765 4843 in
785 4790 889 4858 priores
909 4793 1096 4847 excommuni-

300 4873 440 4929 cationum
464 4876 613 4931 sententias
636 4879 818 4948 appellatione
831 4883 989 4952 Jpostposita
1015 4884 1094 4938 redu·

301 4964 382 5027 catis,
413 4963 544 5021 iacientes
572 4969 682 5024 easdem
710 4986 771 5024 curn
795 4971 933 5031 interdicti
959 4975 1093 5030 sententia

301 5067 389 5124 usque
415 5057 449 5109 ad
479 5058 695 5116 satisfactionem
725 5078 873 5133 congruant
902 5064 1095 5121 invielabiliter

303 5146 452 5204 observari.
469 5147 498 5202 st
521 5164 585 5205 rero
600 5153 750 5223 praescripti
775 5156 863 5226 major
883 5163 912 5211 et
931 5171 1011 5226 pares
1025 5171 1096 5227 prae-

304 5237 375 5293 dicta
392 5237 507 5294 iecerint
527 5242 664 5310 sarrirersa,
689 5245 758 5300 sicut
782 5247 905 5316 superius
921 5255 963 5301 est
982 5262 1094 5317 expres-

303 5343 375 5394 sum,
395 5330 510 5386 auiliatis
527 5346 586 5401 quae
606 5345 697 5403 parics
719 5336 860 5391 hincinde
883 5345 975 5390 conta
999 5352 1095 5406 supra·

302 5421 1093 5497 scriptasscntentiasaelproipsis‹luserintproponerula.

304 5509 375 5566 Etsi
393 5513 483 5568 lorsan
497 5514 566 5569 inira
584 5526 689 5572 certum
704 5528 811 5590 tempus
824 5521 894 5591 qued
906 5520 947 5576 cis
963 5520 1095 5576 duxeritis

341 5686 416 5757 (tie)
436 5691 503 5750 Vide
519 5693 567 5750 lib.
584 5711 642 5758 xtra,
659 5697 738 5765 epist.
755 5698 817 5754 lib.

1146 4501 1211 4568 quid
1224 4500 1422 4570 jurisdictionis
1447 4505 1473 4557 iu
1494 4505 1569 4572 ipsis,
1592 4513 1619 4559 et
1640 4505 1697 4558 dauri
1716 4504 1766 4559 sibi
1788 4505 1821 4560 ad
1839 4506 1945 4560 delibe-

1147 4591 1261 4646 randum
1276 4591 1398 4650 inducias
1411 4595 1594 4665 postularent,
1608 4609 1657 4650 acc
1672 4594 1794 4649 obtinere
1807 4595 1944 4658 valerent,

1147 4683 1180 4738 ad
1197 4683 1288 4740 sedena
1301 4688 1476 4756 apostolicam
1490 4689 1680 4759 appellaruut;
1698 4689 1744 4743 sed
1758 4688 1807 4753 itti,
1821 4689 1945 4760 appella·

1147 4775 1219 4832 tione
1234 4785 1404 4850 contempta,
1421 4780 1446 4834 iu
1461 4783 1585 4837 ettmden.
1599 4779 1723 4836 abbatem
1740 4781 1946 4849 suspensionis,

1146 4871 1216 4926 sicut
1238 4871 1358 4938 audivit,
1390 4875 1552 4929 sententiam
1583 4871 1805 4943 proruulgauurt,
1833 4873 1945 4928 aliasin

1146 4965 1229 5032 ipsius
1244 4973 1271 5022 ct
1283 4969 1460 5035 quorumdam
1475 4967 1589 5022 aliorum
1605 4967 1638 5021 dc
1654 4967 1820 5022 saronasterio
1838 4966 1945 5037 praeju-

1146 5055 1246 5110 dicinm
1259 5071 1400 5128 perperam
1414 5057 1601 5126 procedentes.
1616 5055 1692 5112 Unde
1708 5056 1818 5126 petebat
1832 5072 1846 5110 a
1864 5057 1947 5110 nubis

1146 5146 1230 5202 abbas
1240 5149 1386 5218 praedictus
1401 5149 1557 5204 corumdem
1570 5163 1727 5222 processum
1744 5148 1851 5202 irritum
1871 5163 1946 5200 nun-

1147 5237 1219 5294 tiari.
1241 5241 1347 5296 Auditis
1375 5242 1456 5312 igitur
1478 5242 1512 5296 iis
1535 5251 1563 5297 er
1589 5241 1650 5297 aliis
1674 5240 1823 5312 propositis
1845 5253 1945 5296 coram

1146 5331 1223 5386 nobis
1242 5341 1296 5388 tam
1316 5349 1365 5404 per
1382 5336 1506 5390 abbatem
1533 5336 1658 5390 cuurdcna
1685 5350 1765 5406 quam
1789 5349 1839 5404 per
1855 5333 1948 5402 ursp-

1146 5433 1232 5478 strum
1255 5425 1285 5480 P.
1307 5429 1431 5481 numium
1456 5428 1576 5497 episcopi
1602 5428 1755 5491 meinorati,
1779 5427 1826 5498 qui
1849 5435 1947 5480 tamen

1147 5519 1256 5575 trurrtius
1268 5519 1300 5576 de
1315 5521 1347 5576 iis
1361 5536 1421 5591 qnae
1433 5522 1572 5592 proposuit
1587 5537 1639 5576 oon
1655 5523 1741 5590 potnit
1755 5519 1846 5575 lacere
1864 5519 1950 5574 nubis
