4109 6325
274 407 344 465 {235
682 399 855 458 serenent
873 399 921 457 ltn
940 397 1176 458 nscsstont'tt
1196 393 1345 456 errones
1363 389 1497 451 attentis,
1838 391 1907 448 libb

272 523 400 581 setricem
426 517 534 589 publice
559 514 752 581 delimbatas
773 529 827 586 qna
852 514 935 571 etiam
959 514 1062 587 prolem
1078 521 1101 578 Α
1117 513 1206 569 rnedio
1222 521 1249 568 ct
1262 512 1344 568 ctiam
1366 505 1507 580 prorogari
1520 521 1528 572 ;
1542 512 1570 561 et
1581 505 1653 576 qnod
1669 505 1703 561 ab
1718 505 1798 563 initio
1812 519 1907 579 sponte

273 619 446 682 srrsccperat,
475 610 545 665 sicot
566 607 700 666 evidentia
729 607 796 663 lacti
813 617 841 664 et
861 606 932 663 lama
955 607 1062 665 viciniae
1116 605 1218 676 recepit
1242 601 1386 660 terminum
1399 597 1562 665 breviorem,
1586 596 1721 667 imputare
1745 598 1800 654 sibi
1821 609 1908 669 petest

273 702 477 758 demonstrabat
489 701 581 772 (strper
594 713 648 769 quo
658 698 741 754 etiam
753 706 836 754 testes
846 699 1023 768 produxerat,
1037 707 1064 755 et
1115 709 1142 754 et
1156 697 1246 763 debet,
1260 709 1321 751 cum
1335 708 1369 750 ex
1385 693 1436 748 troc
1447 688 1572 744 rideatur
1587 688 1727 759 amplioris
1743 689 1907 746 benenatum

272 793 340 848 alios
354 789 620 861 parataeratadlroc
632 789 719 860 ipsum
731 789 899 860 probandam
913 790 1061 861 inducere),
1115 787 1321 862 contempsisse.
1347 785 1425 842 Unde
1445 781 1508 839 talis
1527 796 1581 838 non
1609 782 1741 839 audietur
1758 783 1906 854 appellans,

273 887 308 940 ab
322 886 380 956 ipso
392 893 571 953 procuratore
597 883 733 953 quaesistis
756 881 885 937 aarellet
898 881 1068 938 demolieris
1116 883 1169 940 nisi
1189 883 1320 938 adsersus
1342 893 1404 935 eum
1427 876 1524 932 modus
1552 874 1738 931 exsecutionis
1758 877 1908 932 canonicus

261 976 435 1045 'impunitate
444 989 551 1030 carere.
563 973 615 1042 Qut
628 975 695 1028 dixit
706 988 787 1044 snper
798 973 849 1028 lroc
859 987 889 1028 se
902 975 935 1028 de
948 973 1064 1029 consilio
1113 971 1269 1028 excedatur.
1325 995 1329 1003 ·

274 1081 479 1137 responsurum.
499 1065 553 1122 Sed
565 1065 600 1121 ad
614 1065 684 1120 diem
698 1071 829 1119 statutam
845 1079 933 1136 neqne
950 1078 1063 1134 respon·
1116 1075 1180 1118 roert
1195 1073 1288 1118 sanort
1303 1073 1445 1116 tuaosrrm
1461 1076 1497 1116 xa
1512 1074 1606 1116 stncrr
1621 1071 1748 1116 enscomr
1769 1075 1908 1118 rarescens

274 1157 334 1223 tlt,
347 1173 436 1229 neque
454 1173 484 1214 sc
500 1166 592 1214 restro
609 1155 766 1226 corispectni
786 1157 968 1225 praesentarit.
992 1155 1063 1224 Quin
1383 1167 1643 1220 esurrentunstsnsq

272 1250 355 1304 etiam
375 1250 500 1306 adillum
526 1250 595 1305 dem
614 1249 901 1313 eitatnsseasseruit,
916 1247 967 1302 nisi
988 1247 1064 1318 prius
1152 1244 1459 1320 (delenbruunnen
1477 1246 1510 1302 11.
1529 1245 1618 1302 nuntii
1640 1245 1907 1302 Ecclesiecantna·

274 1341 421 1397 advocatus
448 1341 507 1410 eius
530 1341 649 1407 rediret,
679 1339 835 1397 nullatcnus
860 1353 1063 1410 responsurum,
1116 1338 1214 1394 riensis
1238 1337 1317 1392 nobis
1338 1335 1477 1392 humiliter
1499 1334 1652 1392 retulerunt
1674 1335 1745 1405 qnod
1770 1352 1833 1392 cum
1857 1351 1908 1406 pro

273 1433 342 1488 sicut
357 1435 468 1490 nuntius
492 1443 583 1491 vester
600 1432 758 1504 loramento
778 1431 906 1488 llrnrarit.
922 1433 999 1488 Unde
1011 1433 1064 1488 ite·
1115 1443 1197 1484 carisa
1213 1443 1273 1500 qnae
1290 1429 1363 1483 inter
1382 1427 1499 1499 priorem
1520 1436 1546 1483 et
1560 1427 1705 1484 monachos
1719 1435 1747 1482 et
1759 1429 1907 1483 reiterabi-

275 1537 337 1576 tunt
354 1533 438 1582 testes
454 1525 575 1581 molieris
585 1526 620 1579 de
630 1527 804 1594 prudentium
819 1526 938 1580 rirornm
951 1523 1064 1582 consilio
1116 1519 1167 1574 lent
1182 1519 1292 1574 lratrent
1303 1527 1425 1574 nostrum
1437 1517 1659 1572 Cantuariensem
1671 1519 1903 1590 archiepiscopum

273 1615 424 1684 recepistis,
451 1624 480 1672 et
504 1605 722 1674 attestationibus
752 1617 898 1684 publicatis
922 1615 1065 1686 diligenter
1115 1613 1238 1672 sortitur,
1258 1612 1293 1668 ab
1313 1612 1378 1682 ipsis
1401 1611 1491 1683 priore
1506 1617 1534 1666 et
1553 1609 1692 1665 monacbis
1720 1611 1901 1693 mitterentur,

272 1704 387 1759 audistis
398 1721 457 1774 qnos
473 1705 581 1761 luernnt
607 1707 692 1776 ipsius
715 1710 825 1764 nomine
856 1708 979 1780 allegata.
995 1709 1063 1776 Quia
1117 1705 1186 1762 idem
1203 1705 1421 1775 arciriepiscopns
1444 1711 1503 1774 post
1530 1703 1583 1757 iter
1601 1711 1740 1772 arreptum
1757 1703 1785 1756 in
1798 1717 1904 1771 coser-

273 1807 339 1850 rero
352 1810 413 1848 cuna
427 1797 461 1852 de
477 1795 589 1853 lerenda
601 1801 807 1855 sententiarum
817 1799 1065 1870 jurisprudentibus
1117 1797 1370 1855 communicationis
1392 1797 1556 1853 sententiam
1569 1796 1762 1866 promulgarit.
1775 1795 1844 1850 Cum
1858 1811 1909 1848 aa·

274 1889 446 1956 tractaretis,
464 1891 634 1946 diversorum
657 1892 797 1948 invenistis
822 1895 928 1948 diversa
952 1892 1063 1950 consilia
1080 1865 1101 1920 Β
1117 1899 1170 1946 tem
1184 1890 1245 1962 plns
1257 1890 1294 1946 sit
1306 1891 1340 1945 ad
1353 1891 1446 1945 sedem
1467 1887 1644 1961 apostolicam
1668 1887 1743 1942 lacto¹
1761 1900 1909 1955 prorocare

273 1980 446 2050 (quibusdam
460 1981 612 2039 dicentibus
626 1983 797 2054 appellationi
814 1984 974 2055 simpliciter
989 1985 1064 2040 dele·
1116 1997 1197 2057 quam
1215 1983 1310 2047 rerlro,
1324 1990 1353 2037 et
1372 1981 1438 2052 ipsis
1450 1989 1561 2058 propter
1574 1979 1732 2050 praedictam
1750 1991 1862 2032 causam
1876 1979 1911 2032 ad

273 2071 399 2140 rendum,
425 2072 487 2128 aliis
507 2081 596 2127 antem
618 2073 790 2145 appellationi
810 2074 984 2129 deserendum
1011 2088 1064 2129 non
1116 2075 1266 2131 llomanrnn
1286 2075 1432 2132 Ecclesium
1449 2074 1621 2130 venientibus
1635 2060 1804 2142 intelligatur
1819 2073 1850 2126 ad
1866 2086 1908 2127 se·

273 2179 334 2220 esse
349 2179 356 2228 ;
372 2163 507 2220 nonnullis
533 2165 614 2221 ctiam
641 2167 827 2236 asserentibus
856 2165 1064 2235 appeliationem
1116 2169 1177 2224 dem
1193 2167 1369 2238 apostolicam
1385 2175 1573 2237 provocatum,
1592 2165 1753 2220 mandamus
1775 2173 1909 2235 quatenns

193 2278 195 2283 ·
273 2253 427 2309 trullatenus
443 2256 573 2320 tenuisse,
587 2270 648 2312 cum
664 2255 761 2311 molier
782 2271 835 2312 non
853 2257 889 2312 sit
912 2257 969 2312 riro
985 2257 1066 2312 resti·
1117 2259 1138 2316 si
1152 2275 1244 2314 rernm
1258 2268 1300 2315 est
1314 2261 1386 2329 quod
1407 2258 1549 2326 asseritur,
1563 2257 1651 2313 dictos
1663 2253 1687 2311 1.
1705 2263 1732 2310 et
1746 2253 1778 2309 ll.
1792 2251 1909 2324 appella-

275 2342 375 2398 tuenda
386 2354 522 2416 suspecto,
541 2346 594 2402 nisi
610 2349 644 2403 de
657 2347 817 2417 impunitate
841 2347 980 2403 sullicienti
997 2364 1067 2419 pree·
1119 2353 1194 2407 tione
1202 2353 1349 2422 postposita
1363 2350 1527 2407 denuntietis
1546 2346 1838 2408 excommunicationis
1853 2347 1909 2401 riar-

275 2432 340 2486 stita
354 2435 501 2505 cantione),
518 2451 566 2493 ros
581 2437 608 2491 in
628 2446 703 2492 tanta
717 2439 848 2494 varietate
862 2454 911 2495 nos
925 2439 1066 2495 consulere
1118 2445 1177 2500 erlo
1196 2459 1249 2500 non
1264 2443 1361 2500 teneri.

274 2523 399 2580 voluistis
417 2526 535 2596 qualiter
545 2535 618 2584 esset
629 2527 656 2582 in
668 2527 719 2584 boc
730 2529 839 2602 negotio
854 2529 1064 2598 procedendum.
1357 2531 1399 2588 Ee
1413 2532 1523 2588 decretio
1537 2532 1664 2602 ejusdem.

273 2613 329 2673 tros
338 2630 402 2687 erqo
412 2619 446 2672 de
455 2617 570 2672 fratrum
581 2626 735 2674 nostrornm
747 2619 862 2674 considio
872 2619 1066 2678 consultationi
1083 2680 1095 2695 ,
1152 2623 1227 2679 Licet
1239 2622 1262 2678 is
1274 2621 1317 2678 cui
1331 2635 1412 2678 cansa
1424 2622 1605 2678 committitur
1616 2618 1795 2690 appellatione
1806 2627 1908 2675 remota

273 2714 372 2764 vestras
391 2709 482 2764 taliter
495 2709 699 2778 respondemus,
711 2711 782 2781 qood
794 2711 857 2766 licet
871 2713 939 2768 ordo
949 2709 1067 2780 judicia·
1118 2731 1171 2770 non
1194 2715 1281 2784 possit
1311 2729 1371 2770 eam
1397 2713 1441 2768 alli
1464 2713 1524 2770 sine
1541 2713 1743 2784 prouocationis
1769 2712 1910 2768 obstaculo

275 2798 442 2855 riusinaliis
456 2800 652 2855 controversiis
666 2802 862 2869 observandus,
878 2803 904 2856 ln
921 2804 1065 2859 ruatrirno·
1118 2805 1254 2875 delegare,
1268 2805 1291 2860 si
1307 2814 1397 2860 tamen
1425 2803 1564 2876 delegatus
1582 2813 1629 2859 aut
1653 2803 1739 2872 iudex
1762 2805 1909 2875 quisquam

274 2888 392 2945 nialibns
419 2891 510 2946 causis
532 2905 585 2946 non
616 2906 809 2962 usquequaque
837 2903 976 2960 serretur;
1002 2897 1066 2966 qnia
1118 2913 1170 2952 non
1181 2906 1234 2952 tam
1247 2896 1427 2972 cognitionem
1440 2911 1522 2966 qnam
1531 2895 1734 2952 exsecutionem
1746 2897 1780 2950 ad
1791 2895 1908 2966 aliquem

275 2981 406 3035 tamenin
419 2983 546 3051 praesenti
561 2982 670 3054 negotio
684 2996 737 3037 non
754 2992 796 3038 est
809 2993 901 3039 actum
914 2985 948 3041 de
964 2985 1067 3042 loedero
1117 2995 1223 3042 certum
1239 2984 1382 3041 articulum
1401 2985 1516 3040 alterum
1539 2985 1718 3056 deputaverit,
1744 2985 1778 3040 ala
1799 2999 1842 3048 eo,
1855 2985 1908 3040 nisi

275 3072 454 3139 matrimonii,
469 3073 569 3128 cedde
582 3073 696 3134 crimine
717 3073 853 3140 arlultcrii,
876 3091 926 3146 per
944 3076 1016 3146 qood
1032 3076 1066 3132 ad
1118 3076 1227 3130 modum
1247 3075 1369 3141 excedat,
1391 3089 1445 3130 non
1460 3074 1540 3131 liceat
1552 3074 1693 3145 appellari,
1714 3075 1861 3130 dummodo
1875 3075 1910 3130 de

275 3166 473 3237 separationem
498 3166 643 3238 corrjrrqum
666 3181 719 3221 non
734 3167 769 3221 ad
786 3167 1005 3246 cnrtjuncnoaem
1021 3168 1065 3224 in-
1080 3190 1104 3254 c
1119 3167 1235 3238 partium
1248 3167 1393 3237 deputetur
1416 3166 1458 3222 rel
1475 3166 1623 3236 recipiatur
1648 3180 1771 3221 amensa.
1798 3164 1909 3232 Quodsi

276 3256 408 3319 tenditur,
427 3273 488 3313 cum
504 3258 551 3314 lite
565 3272 619 3314 non
636 3266 788 3315 contestata
809 3269 891 3316 testes
906 3259 1006 3316 luerint
1021 3276 1065 3316 re·
1118 3258 1288 3331 delegatusa
1309 3258 1386 3315 nobis
1415 3258 1457 3313 rel
1484 3258 1540 3313 litis
1563 3258 1725 3323 exordium,
1751 3257 1794 3312 rel
1819 3270 1914 3312 causae

275 3350 358 3419 cepti,
373 3357 400 3404 et
419 3350 606 3407 attestationes
629 3351 785 3422 publicatae,
809 3352 866 3408 sire
889 3351 1065 3415 delerendnm
1119 3352 1321 3417 linem,nednm
1347 3359 1430 3405 tntnnr
1451 3351 1600 3419 nepotinm,
1617 3350 1642 3407 el
1656 3351 1763 3406 duxerit
1784 3350 1910 3405 constuit-

274 3438 333 3494 sire
343 3453 396 3494 non
412 3439 587 3497 delerendmn
599 3441 774 3512 appellationi
789 3441 895 3508 luisset,
910 3458 964 3499 non
979 3443 1066 3502 estad
1119 3444 1239 3509 tendum,
1253 3443 1287 3498 ab
1303 3442 1362 3511 lpso
1377 3450 1505 3513 tanquam
1521 3441 1638 3511 ajudice
1649 3441 1723 3498 licite
1732 3448 1912 3513 provocetur,

276 3530 443 3586 diffinitivam
456 3533 621 3589 seutentiam
644 3536 855 3605 procedendum,
873 3536 958 3606 potuit
975 3544 1064 3592 tamma
1118 3551 1178 3592 cnm
1198 3546 1223 3590 et
1236 3535 1269 3590 lis
1282 3534 1474 3603 antejudiccna
1500 3534 1598 3591 debeat
1616 3535 1774 3601 contestari,
1785 3543 1813 3591 et
1827 3550 1913 3592 cansa

275 3622 433 3711 presumit.
449 3633 561 3695 propter
581 3626 780 3681 contumaciam
803 3626 1064 3687 excommnuicatio-
1117 3626 1307 3699 perjudicium
1320 3624 1440 3685 diffiniri.

276 3711 320 3772 nis
334 3712 589 3771 rlncnloinnodari·.
1390 3716 1540 3774 strutus
1553 3716 1638 3773 xltt.

443 3820 516 3864 -rosu
529 3821 735 3865 cousrtrrrrsttst
753 3822 888 3869 saraceno.
1307 3824 1340 3866 ne
1351 3825 1454 3866 orrrcto
1472 3822 1724 3866 tonrcrsoeusotrn

313 3898 370 3970 (68)
384 3898 455 3967 Quid
469 3901 503 3956 ad
515 3900 739 3961 consultationem
750 3918 843 3974 qnam,
866 3912 919 3959 etc.
934 3900 968 3958 Et
982 3902 1064 3972 iissre.

277 3988 306 4044 Sl
319 3998 409 4044 autent
423 3992 520 4061 quoda
537 3992 615 4047 nobis
625 3993 778 4062 postulasti,
790 4003 880 4048 utrum
892 3993 1065 4065 appellationi

276 4082 313 4135 sit
328 4079 420 4137 clerici
445 4080 620 4139 deserendum
643 4085 688 4153 qni
715 4086 903 4156 purgationem
933 4085 1065 4140 indictam

277 4170 329 4227 slot
342 4185 391 4241 pet·
403 4172 577 4239 sententiam,
591 4181 619 4227 et
633 4172 668 4226 ad
681 4172 768 4244 ipsius
781 4174 962 4243 receptionem
974 4173 1065 4228 termi-

277 4278 342 4319 num
356 4271 565 4334 competentem,
577 4274 640 4334 puta
654 4264 747 4335 riqlnti
759 4264 818 4320 dies
828 4264 870 4319 rel
882 4264 997 4334 amplius
1008 4265 1067 4321 sine

276 4355 496 4427 contradictione
510 4354 655 4422 recipiens,
669 4358 743 4411 etad
758 4356 829 4411 diem
845 4356 956 4411 veniens
971 4370 1067 4411 conse-

278 4432 533 4520 quenterappellat,
547 4462 658 4502 causant
671 4462 724 4503 non
735 4448 890 4518 exprimens
903 4446 1068 4518 appellandi,

1155 3904 1213 3977 (ib)
1225 3902 1301 3975 Saepe
1311 3903 1444 3974 contingit
1456 3901 1600 3973 quodcum
1614 3900 1648 3955 ad
1660 3910 1783 3956 nostram
1799 3898 1908 3956 audien-

1120 3998 1185 4054 tianr
1206 3994 1366 4065 appellatur,
1392 3992 1664 4071 propterdclectnm
1688 3994 1776 4063 partis
1801 3993 1913 4047 alterius

1119 4102 1207 4157 neque
1218 4102 1265 4156 per
1278 4102 1307 4141 sc
1321 4099 1409 4153 neque
1418 4099 1466 4153 per
1481 4084 1665 4153 responsalem
1678 4082 1805 4139 idoneum
1820 4082 1909 4153 appel·

1120 4178 1249 4234 lationem
1268 4174 1456 4243 interpositam
1482 4174 1682 4244 prosequentis,
1709 4174 1751 4227 rel
1771 4172 1862 4230 lorsan
1876 4188 1908 4227 ex

1119 4268 1221 4326 malitia
1237 4262 1570 4337 responsalis'mamlatum
1589 4266 1807 4335 procuratorium
1821 4264 1909 4318 oeerrl-

1120 4360 1213 4428 tantis,
1226 4359 1285 4413 lites
1300 4372 1360 4428 quae
1372 4362 1405 4413 de
1420 4355 1492 4411 lucili
1505 4364 1633 4425 poterant
1654 4354 1806 4417 terarinarl,
1825 4367 1916 4408 rema-r

1121 4462 1203 4507 neant
1215 4450 1351 4514 indecisae,
1363 4462 1424 4504 curn
1436 4444 1663 4516 lreqrrenterjuris
1678 4444 1794 4514 qntestio
1806 4458 1911 4497 morea·
1997 4508 2002 4521 Ι

277 4553 330 4595 nec
343 4523 379 4594 sit
396 4538 472 4594 locus
484 4539 536 4595 nlsl
553 4539 732 4611 susciptenda
747 4540 899 4613 purgationi
914 4548 941 4594 et
953 4554 1067 4595 exsecta·
1082 4544 1108 4603 1)
1121 4552 1165 4599 tur
1175 4541 1250 4611 enjus
1264 4542 1335 4617 apud
1352 4554 1400 4596 nos
1419 4538 1594 4611 probationes
1604 4536 1768 4591 necessariae
1788 4550 1842 4590 non
1855 4535 1911 4589 exi-

277 4630 346 4687 tioni
361 4631 538 4698 sententiaa
552 4632 628 4703 cnjus
643 4632 742 4686 latione
755 4646 788 4686 ac
801 4633 963 4704 purgatione
976 4632 1067 4703 injrrn·

277 4732 321 4780 cta
333 4724 403 4780 ultra
414 4726 576 4781 decennium
597 4724 695 4796 dicitur
707 4724 853 4791 effluxisse,
875 4726 965 4781 taliter
978 4725 1067 4783 eredi-

277 4830 339 4871 mus
352 4816 580 4886 respondendom,
597 4817 742 4887 quodcum
764 4828 825 4889 post
851 4818 943 4890 uiginti
963 4818 1068 4875 dierum

278 4904 397 4975 spatium
419 4907 554 4976 sententia
566 4906 592 4961 in
606 4908 793 4977 auctoritatem
812 4909 848 4962 rei
866 4907 1070 4977 transeatjodl-

278 5005 359 5062 cata,
377 4998 422 5078 qul
436 4997 469 5053 ad
481 4996 683 5073 provocationis
702 4997 851 5054 subsidium
870 4998 940 5056 inira
955 5000 980 5054 ld
1001 5008 1070 5056 tern-

279 5090 418 5159 porisnon
434 5089 562 5152 recurrit,
578 5088 731 5159 appellandi
757 5090 807 5145 sibi
832 5090 933 5145 aditum
954 5091 1072 5163 denega-

279 5184 329 5248 rit,
340 5198 403 5240 cum
417 5196 466 5253 per
478 5181 529 5236 lroc
541 5182 666 5236 rideatur
677 5197 724 5251 per
735 5183 987 5252 interpretationem
999 5168 1069 5253 juris

279 5277 342 5331 latre
363 5276 507 5331 sententiae
527 5276 660 5350 parolsse,
679 5276 829 5345 praesertlm
845 5276 890 5331 ubi
908 5292 991 5332 cansa
1016 5290 1070 5345 non

1120 4642 1206 4699 stunt,
1221 4644 1247 4689 et
1261 4632 1396 4689 interdurn
1410 4633 1493 4686 etlam
1515 4630 1579 4684 lacti
1603 4630 1717 4699 quaestio
1729 4630 1763 4682 de
1777 4628 1829 4682 leri
1848 4642 1912 4697 pos-

1121 4735 1165 4782 set
1177 4724 1300 4796 partilsus
1316 4722 1495 4794 praesentibus
1515 4719 1697 4791 comprobari.
1717 4718 1795 4776 llnde
1808 4719 1872 4774 licet
1885 4719 1913 4772 in

1121 4815 1297 4873 Laterarrcnsi
1311 4813 1425 4871 coneilio
1438 4812 1520 4868 luerit
1529 4811 1707 4866 constitutum
1719 4820 1749 4865 ut
1765 4811 1787 4865 si
1804 4810 1830 4863 in
1843 4823 1913 4879 quo·

1121 4924 1227 4980 mrnque
1239 4908 1346 4979 negotio
1362 4906 1460 4977 aliquis
1476 4903 1662 4975 appellaverit,
1676 4911 1704 4957 et
1717 4916 1752 4957 co
1764 4903 1810 4973 qui
1823 4900 1914 4970 appel·

1122 5004 1192 5057 latus
1204 5001 1284 5056 inerit
1296 5002 1431 5066 veniente,
1448 4998 1493 5067 qni
1506 4994 1652 5065 appeliarit
1673 4994 1767 5048 tenire
1788 4992 1913 5061 tteqlexe·

1123 5096 1170 5160 rit,
1183 5078 1382 5161 competentem
1404 5089 1440 5144 illi
1462 5086 1739 5156 recompensationem
1762 5084 1846 5139 iaciat
1868 5099 1915 5138 ex·

1123 5198 1280 5257 pronsarum,
1295 5192 1325 5236 ut
1336 5182 1387 5235 lroc
1407 5179 1503 5235 saltem
1529 5180 1625 5233 timore
1639 5175 1798 5245 ,deterritos
1812 5172 1838 5226 in
1853 5186 1916 5243 gra-

1123 5292 1219 5339 ramen
1236 5274 1347 5330 alterius
1362 5288 1415 5329 nen
1429 5272 1508 5327 laeile
1527 5270 1588 5341 quis
1600 5268 1725 5351 appellet.
1738 5266 1808 5333 Quia
1823 5273 1928 5347 tamen·

281 5366 404 5423 redditur
426 5365 577 5438 appellandi
595 5384 601 5421 :
618 5367 664 5422 sed
685 5379 735 5422 nec
760 5368 963 5422 ersecntionenr
986 5368 1072 5438 ipsius
1123 5373 1233 5437 propter
1259 5366 1309 5419 lroc
1334 5365 1500 5434 quaestiones
1527 5358 1702 5415 nibilominus
1721 5363 1913 5427 prorogantur,

280 5457 425 5514 ualentia
436 5455 495 5512 ideo
505 5458 634 5513 convenit
646 5458 788 5521 retardari,
802 5457 864 5513 licet
875 5461 908 5513 ad
920 5460 972 5515 lroc
987 5473 1073 5529 agen·
1123 5456 1245 5511 volentes
1258 5464 1289 5510 ut
1311 5454 1373 5510 llnls
1398 5454 1491 5508 litibus
1517 5452 1682 5522 imponatur,
1702 5456 1730 5503 et
1752 5444 1875 5501 nelraus
1888 5452 1914 5497 et

281 5548 346 5602 dnm
361 5547 561 5617 quadrimestre
583 5555 689 5617 tempus
704 5546 865 5617 repedariter
878 5549 911 5603 sir
928 5555 1071 5613 statutum,
1123 5546 1296 5603 dolnsalicul
1325 5542 1517 5613 suffragentur,
1531 5542 1564 5596 de
1581 5539 1694 5596 consilio
1723 5536 1838 5592 iratrmu
1864 5547 1914 5587 oo-

283 5639 345 5707 qnia
373 5640 400 5695 ld
422 5640 524 5696 arctari
549 5648 638 5711 potest
658 5654 850 5708 nonnunquam
873 5638 1020 5694 asedeote
1045 5638 1073 5696 in
1123 5648 1240 5696 snorum
1258 5636 1383 5708 praesenti
1398 5630 1672 5691 decretostatnimus'
1682 5638 1712 5687 ut
1723 5629 1746 5687 si
1758 5622 1913 5714 huiuamodi

318 5748 376 5818 (68)
393 5748 453 5806 bib.
468 5767 488 5807 ι.
499 5767 541 5823 ep.
557 5750 619 5823 513.
630 5780 665 5792 -
675 5749 743 5823 Cap.
758 5748 835 5817 Quod
847 5749 893 5816 ud,
910 5748 948 5807 lle
960 5757 1031 5808 sent.
1047 5758 1073 5810 et
1159 5747 1214 5819 (tls)
1228 5746 1286 5813 bib.
1302 5762 1323 5808 t,
1335 5747 1413 5818 epist.
1426 5745 1490 5802 351.

284 5826 314 5878 te
327 5818 384 5892 jud·
1146 5817 1216 5909 im)
1231 5818 1296 5889 Cap.
1314 5816 1400 5889 Sept,
1416 5816 1451 5872 lle
1467 5814 1564 5887 appell.
