4109 6325
286 298 341 357 959
723 294 917 353 innocentii
935 296 967 353 lll
985 294 1037 352 Pi.
1058 292 1293 351 nebesronurt
1313 294 1378 350 llll.
1400 292 1470 349 Xi'l.
1864 296 1916 354 tto

289 410 439 467 secundum
463 411 547 467 licum
564 416 645 481 prout
656 408 690 464 de
702 406 868 479 prudentum
881 408 1000 465 uirorum
1011 422 1078 463 con·
1091 410 1115 469 Α
1128 412 1155 461 et
1172 406 1355 465 ecelesiastica
1369 423 1435 478 pace
1454 406 1582 463 duxerint
1602 406 1813 477 persistendum.
1838 407 1916 475 Quod

287 500 683 572 silioriderisdisponendum.
1127 496 1152 553 si
1174 498 1246 555 lorte
1274 498 1435 556 satisfacere
1465 498 1620 565 noluerint,
1643 505 1672 553 et
1694 498 1722 553 ln
1747 511 1841 553 errore
1866 513 1920 569 suo

320 591 418 647 ilatum
434 589 576 657 Laterani,
595 606 625 647 ar
644 589 706 647 llal.
728 588 883 656 Februarii,
896 587 1076 661 pontilleatus
1127 588 1253 647 duxerint
1276 588 1496 661 persistendum,
1521 604 1570 647 nos
1595 602 1644 659 per
1668 586 1854 659 indulgentias
1874 588 1918 643 in-

286 682 372 737 nostrl
384 695 456 735 anno
471 682 679 737 sextodecimo.
1126 690 1239 737 notatas
1258 682 1461 753 crucesignatos
1484 690 1512 737 et
1533 679 1627 737 lideles
1649 680 1719 737 alios
1744 679 1918 750 praecipimus

323 770 355 825 ln
368 772 487 826 eamdent
502 771 608 827 modum
622 769 1077 841 scriptumeatuoliliciroSimoni
1126 771 1240 829 excitari
1267 781 1298 830 ut
1323 774 1358 829 ad
1387 773 1592 845 exstirpandam
1622 780 1726 845 pestem
1760 770 1917 842 hujusmodi

287 860 376 915 ecariti
398 859 575 931 Mentirsortis
598 869 627 917 ιιι
648 862 816 935 tuprolilll)
829 879 882 918 uno
904 861 979 934 [olio.
999 862 1077 933 Eque
1127 862 1219 919 dirino
1241 862 1303 919 lreti
1323 864 1424 919 auxilio
1448 864 1631 935 insurgentes,
1648 871 1703 918 tam
1718 869 1816 917 contra
1841 861 1918 932 ipsos

287 951 434 1019 mimate,
448 968 531 1024 saque
550 953 717 1020 orthodoxa,
738 964 767 1011 et
786 965 881 1009 narum
905 954 1012 1027 inclyte
1034 968 1077 1008 re·
1127 967 1209 1025 quam
1231 953 1367 1024 quoslibet
1387 953 1455 1010 alios
1482 963 1667 1025 receptatores
1688 962 1736 1009 aut
1758 953 1918 1010 defensores

287 1042 453 1099 cordationis
464 1042 537 1099 Petri
551 1045 625 1117 regis
638 1046 806 1118 bragonum,
818 1060 900 1117 quem
915 1054 944 1101 tu
961 1044 1076 1112 detines,
1127 1057 1230 1109 eorum,
1245 1044 1290 1115 qui
1310 1044 1370 1114 plus
1385 1044 1450 1116 ipsis
1465 1046 1601 1103 haereticis
1616 1055 1680 1102 sunt
1702 1044 1801 1110 nociti,
1818 1059 1918 1117 proce·

287 1134 395 1191 ratdtui
408 1134 490 1191 iaciat
506 1150 589 1205 regns
598 1150 659 1202 suo,
676 1144 707 1191 ut
720 1136 755 1193 de
776 1137 861 1208 ipslus
873 1138 999 1194 custodia
1012 1152 1078 1209 pro·
1127 1136 1192 1194 dant
1206 1135 1235 1192 in
1249 1137 1360 1193 nomine
1378 1137 1485 1193 borninl
1501 1136 1634 1195 Sabaoth.

286 1226 380 1283 rideat
398 1235 428 1285 et
445 1226 580 1311 disponat
598 1226 733 1297 Quocirca
752 1228 921 1286 nobilitatem
937 1238 1010 1285 tuam
1031 1245 1076 1287 ro·
1162 1227 1259 1283 lintona
1276 1226 1418 1297 Laterani,
1435 1244 1484 1286 rur
1495 1228 1556 1287 lial.
1572 1228 1723 1298 Februarii,
1735 1227 1911 1301 pontilleatus

288 1319 376 1390 gando
399 1334 542 1377 monemus
554 1328 584 1380 et
597 1320 776 1378 exhortamur
796 1322 930 1378 attentius
949 1337 998 1394 per
1011 1338 1078 1393 apo.
1127 1318 1212 1375 nostri
1225 1333 1298 1375 anno
1312 1328 1391 1377 sento
1407 1319 1523 1375 decimo.

287 1409 383 1467 stolica
404 1410 507 1481 scripta
523 1410 685 1469 mandantes
703 1421 838 1483 quatems
851 1413 970 1484 legatum
987 1414 1077 1485 ipsum
1453 1408 1592 1466 Cbllell.

287 1506 359 1562 sicut
382 1520 527 1576 personam
542 1514 675 1573 orostram,
697 1506 752 1562 imo
765 1522 817 1563 nos
830 1506 858 1561 in
879 1507 948 1577 ipso,
965 1508 1079 1563 bonori-
1127 1514 1241 1556 mcouro
1264 1516 1415 1559 ruscuumo
1436 1516 1559 1559 sciscere
1579 1516 1750 1561 rrosromcn
1775 1517 1850 1561 snurs
1870 1522 1918 1561 u-

289 1596 340 1653 llce
349 1611 383 1653 ac
395 1596 512 1669 benigne
526 1596 686 1667 recipisset
700 1606 863 1668 pertractes,
874 1607 903 1654 et
916 1597 977 1667 eus
988 1600 1079 1655 mnni-
1181 1608 1261 1657 caro,
1275 1606 1310 1647 rr
1324 1608 1349 1650 r.
1363 1606 1525 1650 susntrcorm
1540 1609 1575 1649 ar
1590 1610 1730 1651 ιιιιιιιιιι
1745 1610 1863 1657 nesrac.

289 1688 325 1743 tis
341 1702 374 1743 ac
390 1689 533 1759 preceptis
556 1688 682 1745 intendas
701 1689 842 1745 humiliter
861 1700 889 1747 et
909 1689 1021 1747 detote.
1044 1690 1078 1747 Et
1305 1684 1345 1739 De
1356 1685 1465 1741 dotatio
1476 1684 1509 1740 B·
1521 1684 1592 1741 Petri
1602 1686 1630 1743 io
1641 1687 1746 1757 Aitolia.

288 1778 417 1851 pamniam
438 1779 533 1835 amodo
545 1778 675 1837 indecens
685 1788 759 1837 esset
769 1788 800 1835 ut
812 1796 975 1853 quancunque
996 1746 1116 1839 oeca-¹³
1269 1773 1433 1847 (Ιιιῑιῐιιῑῑι
1465 1791 1482 1830 V
1509 1775 1569 1831 14³¹·
1593 1775 1768 1849 Februarii.)

288 1872 365 1929 sione
382 1881 476 1928 natum
496 1872 630 1929 renueras
651 1873 724 1943 regis
744 1874 863 1943 predicti
876 1915 884 1939 ,
899 1876 1025 1932 enrndera
1051 1877 1079 1932 ii,
1163 1864 1243 1933 Cum,
1260 1866 1331 1923 sicut
1347 1875 1436 1921 restra
1459 1866 1588 1923 discretio
1604 1867 1683 1937 plene
1699 1870 1787 1937 norit,
1806 1872 1919 1944 singule

289 1962 416 2019 minibus
429 1962 509 2033 ligici
520 1962 665 2018 memorari
679 1962 811 2034 miggen,
825 1973 855 2019 ui
868 1963 903 2020 da
917 1964 1080 2036 immoni.
1129 1956 1227 2014 domus
1240 1957 1323 2015 totius
1345 1958 1451 2029 duglim
1469 1959 1591 2027 singulos
1611 1960 1739 2018 denarios
1759 1978 1809 2035 pro
1830 1981 1915 2024 censu

290 2052 352 2107 deat
364 2052 438 2110 sicut
448 2054 545 2110 uiderit
558 2054 694 2125 expedire.
705 2052 833 2126 Alioquin
847 2071 930 2128 super
943 2057 996 2113 1100
1006 2057 1079 2114 inam
1129 2048 1201 2106 beati
1214 2048 1287 2104 Petri
1302 2050 1443 2105 aunuatim
1459 2050 1537 2106 nobis
1552 2049 1658 2108 solvere
1680 2061 1836 2125 teneantur,
1851 2075 1920 2131 prae-

289 2141 393 2212 lagams
414 2144 544 2215 proeaees
563 2152 645 2215 prom
666 2144 695 2201 in
715 2144 853 2201 mandaris
873 2162 890 2202 ι
912 2146 994 2205 napis
1015 2148 1080 2203 vivi
1129 2136 1177 2193 lati
1190 2136 1305 2208 anglia,
1332 2135 1378 2207 qui
1397 2150 1461 2193 eum
1480 2147 1576 2193 nostro
1603 2139 1715 2198 nomine
1740 2142 1918 2216 collegerunt,

289 2246 356 2289 rece
370 2237 480 2305 recepit.
1129 2240 1188 2283 rem
1213 2226 1299 2281 inuito
1319 2225 1429 2281 domino
1452 2236 1676 2294 contrectantes,
1702 2231 1835 2303 majorem
1868 2236 1919 2293 sibi

323 2324 422 2381 narnia
445 2324 585 2394 Lamiani,
603 2327 699 2385 iiiii,
722 2326 880 2397 popinarii,
902 2329 1079 2402 inignem,
1129 2318 1229 2373 exinde
1244 2325 1352 2389 partem
1365 2332 1419 2372 non
1435 2326 1499 2373 snm
1520 2320 1602 2376 veriti
1625 2320 1757 2390 retinere,
1779 2338 1840 2381 cum
1854 2341 1921 2383 non-

287 2428 375 2473 ηοςιῃ
390 2428 551 2479 eunomio
568 2420 685 2478 agaimo,
1130 2409 1182 2465 nisi
1206 2416 1344 2465 trecentas
1369 2423 1479 2465 marcas
1505 2411 1584 2467 nubis
1608 2412 1802 2482 persolverint,
1819 2425 1847 2473 et
1868 2419 1921 2473 sitii

619 2510 748 2568 cmii,
1130 2500 1203 2557 mille
1215 2499 1255 2557 vel
1271 2500 1387 2571 amplius
1406 2502 1573 2571 usurparint.
1588 2502 1624 2559 lit
1637 2503 1720 2575 igitur
1732 2506 1778 2577 jus
1789 2506 1922 2565 Ecclesiae

287 2612 376 2661 uim
392 2615 502 2658 siim
521 2617 611 2657 uim
634 2618 662 2658 ig
683 2617 783 2668 ioum
800 2617 917 2660 micam
934 2618 1079 2661 cmm„
1130 2590 1257 2648 llornanae
1270 2599 1396 2648 servetur
1411 2592 1538 2658 illesum,
1553 2592 1713 2653 discretioni
1731 2606 1830 2655 vestre
1850 2616 1923 2670 prte-

421 2748 425 2753 ,
482 2709 653 2751 ,sonaim
671 2709 747 2751 ηομ
770 2710 885 2752 miii).
1130 2683 1245 2740 sentium
1268 2684 1433 2739 auctoritate
1455 2684 1580 2741 districte
1602 2686 1785 2757 precipiendo
1808 2690 1924 2747 manda·

465 2778 506 2835 lta
522 2781 687 2839 aientium
702 2782 904 2839 Titiseniam,
1131 2789 1190 2829 ntus
1207 2781 1340 2843 quatenus
1361 2774 1439 2845 prius
1465 2774 1627 2845 recipientes
1649 2776 1682 2832 ab
1706 2776 1748 2834 eis
1769 2778 1924 2837 denarium

450 2868 607 2941 (Laterani,
620 2887 668 2927 sur
683 2871 741 2927 ilai.
755 2871 919 2943 Februarii.)
1129 2866 1229 2937 ipsum,
1246 2876 1327 2938 prout
1341 2867 1474 2925 hactenus
1489 2869 1676 2936 exsolverunt,
1687 2879 1715 2927 et
1731 2885 1781 2929 eos
1793 2873 1829 2929 ad
1844 2874 1925 2941 ld,si

317 2958 1079 3034 (2⁰5)Etsi'lolosaaorumexcessusgrarissitenormis,
1131 2974 1242 3018 necesse
1264 2960 1356 3027 luerit,
1382 2974 1431 3031 per
1457 2974 1604 3018 censuram
1629 2961 1847 3020 ecclesiasticam
1874 2982 1928 3037 ap·

291 3051 358 3123 quia
373 3061 461 3109 tarnen
473 3068 545 3123 sepe
556 3061 585 3110 et
594 3068 681 3126 nuper
694 3069 743 3127 per
757 3054 870 3113 dilectos
885 3054 955 3111 lilios
969 3054 1002 3112 P.
1014 3053 1115 3134 Gai-c
1132 3052 1275 3126 pellatione
1295 3052 1448 3123 postposita
1472 3052 1681 3125 compellentes,
1704 3054 1821 3111 llrmiter
1846 3070 1928 3128 post·

244 3154 253 3182 t
293 3142 401 3202 lardum
419 3153 448 3202 et
463 3144 495 3205 li.
513 3144 646 3204 Gilaberti
666 3146 775 3204 nuntios
793 3160 859 3204 suos
881 3145 1023 3218 pulsarunt
1044 3148 1079 3204 ad
1131 3146 1240 3205 modum
1255 3160 1289 3202 er
1307 3152 1385 3217 parte
1399 3151 1491 3201 nostra
1505 3143 1654 3216 injungatis
1677 3144 1781 3202 eisdem
1797 3154 1827 3204 ut
1852 3150 1926 3206 resi-

285 3235 416 3308 januam,
432 3247 460 3294 et
477 3239 617 3296 bumillter
636 3239 805 3310 pulsantibus
826 3254 879 3295 non
892 3248 935 3295 est
950 3237 1081 3296 Ecclesiae
1130 3239 1213 3296 duum
1231 3252 1294 3294 curn
1313 3238 1472 3308 integritate
1482 3237 1651 3308 persolvant.
1672 3235 1732 3294 Non
1749 3237 1822 3295 enlm
1843 3240 1925 3296 ride·

288 3328 382 3384 aditus
393 3330 618 3399 praecludendus,
631 3331 787 3390 discretioni
805 3339 858 3387 tuae
871 3346 920 3403 per
933 3330 1080 3402 apostolica
1130 3345 1191 3388 mus
1204 3345 1258 3401 ouo
1268 3329 1330 3401 jure
1343 3329 1453 3386 valeant
1467 3343 1497 3385 se
1517 3330 1601 3394 tueri,
1615 3344 1676 3385 eum
1692 3343 1744 3386 nec
1765 3331 1924 3388 concessio·

288 3421 392 3495 scripta
404 3424 566 3482 mandamus
577 3432 712 3496 quatenus
723 3423 869 3481 sullicienti
888 3423 923 3481 ab
935 3424 988 3491 eis,
1002 3424 1080 3496 iuxta
1130 3437 1192 3478 uem
1205 3421 1309 3493 possint
1322 3420 1492 3476 ostenderet
1508 3419 1572 3476 sede
1583 3418 1734 3490 apostolica
1744 3418 1797 3476 sibi
1806 3419 1923 3488 laetam,

287 3515 364 3583 quod
385 3513 489 3571 rideris
502 3515 645 3585 expedire,
666 3515 793 3573 cautione
805 3523 926 3586 recepta,
943 3514 1017 3585 ipsos
1038 3530 1081 3570 ro·
1132 3530 1182 3572 nce
1195 3513 1378 3572 centenariam
1397 3512 1472 3584 (ιιι)
1485 3521 1579 3568 eontra
1600 3513 1752 3569 itomanam
1768 3513 1922 3572 Ecclesiam

287 3605 419 3663 concilies
442 3605 634 3664 ecelesiastica
656 3607 767 3674 unitati,
788 3615 816 3664 et
837 3606 878 3661 sic
901 3605 999 3662 civitas
1020 3605 1081 3676 ipsa
1131 3605 1354 3678 prescriptionem
1370 3605 1499 3675 probare,
1523 3604 1641 3661 maxime
1659 3605 1683 3662 si
1706 3613 1828 3676 tempora
1845 3607 1922 3678 (bili)

289 3696 464 3756 reconciliata
479 3699 530 3755 sub
548 3697 707 3768 apostolice
729 3699 803 3755 sedis
827 3697 998 3769 protectione
1016 3712 1082 3754 ren·
1132 3698 1310 3755 schismatum
1336 3693 1412 3768 (aba)
1427 3695 1625 3753 subducantur.
1643 3695 1673 3753 Si
1691 3705 1780 3754 mmen
1799 3697 1834 3754 de
1856 3698 1919 3768 iure

291 3789 380 3858 sistat,
391 3804 447 3845 non
461 3788 631 3847 molestanda
650 3791 685 3846 de
701 3798 803 3849 caetero
819 3805 835 3845 a
851 3793 952 3848 comite
970 3789 1083 3847 llontis-
1133 3791 1267 3849 voluerint
1278 3789 1407 3860 experiri,
1427 3788 1574 3860 praeligatis
1587 3789 1629 3846 eis
1646 3789 1793 3846 terminum
1813 3805 1924 3860 cumpe-

291 3881 371 3940 iortis
387 3881 431 3938 rel
441 3881 502 3938 aliis
516 3880 571 3940 ide
585 3881 738 3950 catholicis,
754 3881 817 3939 dum
831 3882 860 3938 in
872 3881 925 3938 lide
947 3879 1083 3938 catholica
1133 3894 1234 3941 tentem
1251 3898 1304 3955 quo
1313 3897 1364 3952 per
1377 3881 1551 3952 responsales
1569 3880 1682 3937 idoncos
1696 3889 1792 3938 nostro
1810 3895 1840 3938 se
1855 3895 1923 3938 con·

330 4035 403 4104 libii
422 4037 451 4093 ld
461 4045 504 4093 cst
519 4051 600 4106 snpra
613 4037 692 4108 epist.
706 4037 767 4097 llil.
878 4032 880 4035 ’
1132 4043 1205 4098 hune
1216 4039 1335 4096 modum.
1351 4037 1404 4096 Sed
1420 4039 1445 4092 in
1456 4053 1537 4108 regno
1551 4037 1788 4094 ctrrtstiantsstmo
1802 4053 1847 4095 res
1865 4041 1921 4109 pri-

341 4106 409 4167 205)
427 4107 497 4164 vine
513 4105 651 4165 Guillclm.
663 4109 697 4162 de
712 4108 806 4166 Pedio.
818 4107 911 4175 laun,
925 4121 985 4176 rap.
998 4106 1046 4162 il.
1132 4117 1195 4166 rata
1215 4111 1356 4182 principis,
1373 4119 1400 4164 et
1414 4110 1473 4164 'nra
1492 4109 1608 4164 liliorum
1625 4109 1699 4164 trullo
1711 4119 1834 4178 tempore
1856 4125 1924 4180 pre*

342 4176 407 4248 206)
427 4174 700 4260 centenariorum
713 4178 798 4249 pollet
810 4178 873 4249 iure
894 4177 1016 4248 legitimo
1028 4193 1082 4260 non
1133 4181 1216 4238 scribi
1231 4189 1354 4260 possunt,
1369 4125 1540 4260 ordinaturus
1566 4180 1639 4262 regia
1666 4178 1746 4260 taes.
1773 4181 1921 4249 Ciropinus,

294 4247 651 4318 bumauo,ideoquetrtulus
664 4246 1083 4318 auttcmpusimmemorialedr-
1134 4250 1172 4308 lie
1196 4251 1270 4307 dom.
1287 4249 1333 4304 lrb.
1351 4266 1391 4315 ru,
1406 4249 1447 4304 tit.
1466 4249 1493 4312 9.
1505 4257 1611 4304 etiamst
1628 4247 1833 4320 aliquoliberali
1848 4251 1922 4305 titulo

294 4319 368 4376 citur
377 4316 627 4393 nonpraescrlptioi
636 4319 685 4396 γὰρ
697 4325 744 4375 τοῦ
754 4327 841 4380 amaus
853 4319 948 4391 pillos
960 4321 1025 4444 inis
1035 4325 1082 4376 τοῦ
1134 4323 1266 4378 distracta
1284 4318 1395 4384 luerint,
1409 4320 1557 4375 secundnm
1570 4333 1631 4388 qrrae
1649 4319 1801 4388 iudicatam
1823 4321 1877 4374 luit
1892 4323 1921 4374 li

295 4409 319 4465 χ
341 4388 348 4407 ’
414 4394 569 4514 παραηιαφι
587 4400 674 4446 noum
692 4388 769 4457 cujus
787 4399 915 4444 contextu
931 4390 1037 4444 norela
1053 4389 1082 4443 5.
1099 4390 1206 4478 „lunii
1222 4390 1302 4446 tete.
1314 4389 1365 4445 SC.
1378 4391 1405 4444 in
1416 4388 1573 4444 ltacrcditate
1585 4388 1723 4446 Franclsci
1735 4387 1827 4445 Loriot
1844 4405 1921 4460 quern

295 4478 312 4514 a
335 4467 483 4530 mgaturet
510 4500 518 4515 .
535 4459 585 4512 ult.
600 4457 631 4514 C.
655 4459 693 4513 lie
706 4473 809 4516 sacros.
828 4458 930 4515 Eccles.
943 4468 971 4514 et
986 4473 1082 4516 rursus
1134 4463 1265 4518 advenam
1281 4459 1427 4522 dicebant,
1444 4459 1520 4528 cnjus
1541 4473 1654 4516 censum
1672 4460 1852 4531 magistratus
1866 4477 1922 4514 mu·
2024 4479 2025 4538 ι

294 4530 448 4584 introducta
461 4528 600 4584 reviviscit
611 4543 636 4582 c.
653 4527 694 4582 tu
713 4528 890 4595 audientiam,
910 4545 938 4586 c.
954 4529 1021 4585 llum
1036 4545 1082 4584 uo·
1135 4533 1260 4602 rricipalis
1278 4529 1370 4602 (quem
1394 4529 1522 4599 liniarem
1540 4528 1649 4601 vocant)
1670 4529 1787 4585 describi
1804 4528 1921 4599 jusserat

294 4600 335 4654 dir
355 4596 393 4654 lie
406 4598 657 4669 prescript.,eu1us
676 4598 782 4669 species
818 4599 947 4654 lurimum
969 4597 1082 4662 incitati
1134 4618 1166 4658 cr
1193 4601 1451 4657 benelicio·ducum
1471 4599 1653 4682 burgundiae,
1672 4613 1787 4668 unorum
1815 4600 1919 4654 munili-
2024 4595 2025 4614 ³

293 4668 516 4740 explanationem
533 4665 612 4738 hujus
633 4667 772 4724 clausulae.
811 4669 854 4725 ide
871 4669 891 4724 l.
905 4684 945 4725 ru
966 4669 1037 4724 inter
1050 4669 1081 4724 C.
1133 4673 1251 4728 centiam
1266 4670 1380 4728 Carolus
1396 4669 1451 4726 Vlll
1474 4669 1720 4726 christianissimus
1734 4669 1917 4726 confirmarat.

295 4739 330 4794 dc
341 4753 445 4795 sacros.
459 4737 564 4795 Eccles.
582 4747 611 4794 et
624 4737 660 4795 ibi
672 4740 790 4809 glossam
811 4740 860 4795 sed
882 4739 1020 4804 Ecclesiae,
1035 4737 1082 4794 ad·
1135 4742 1277 4812 liescripto
1295 4741 1378 4798 etiam
1394 4739 1445 4796 SC.
1460 4741 1609 4810 approbato
1633 4739 1677 4796 die
1699 4739 1737 4795 ill
1760 4755 1851 4795 ateias.
1873 4740 1919 4793 lle·

295 4822 393 4864 uersus
418 4807 501 4864 alium
522 4811 708 4876 patrocinatur
723 4809 908 4880 praescriptio,
924 4809 949 4864 si
971 4809 1082 4879 triginta
1134 4813 1224 4870 cenrb.
1240 4811 1320 4868 libi.
1332 4811 1386 4867 Sed
1399 4811 1619 4881 viceprocurutor
1640 4809 1699 4866 lisci
1722 4825 1818 4866 eoram
1834 4810 1917 4878 iudice

295 4892 430 4934 annorum
454 4879 541 4950 spatio
555 4888 621 4935 retas
635 4879 814 4950 possessionis
830 4880 983 4935 incanuerit
996 4879 1022 4933 in
1040 4893 1083 4934 re-
1133 4883 1271 4939 ordinario
1284 4881 1419 4937 contraria
1435 4879 1619 4948 testinatione,
1633 4881 1792 4953 dlidprnciac
1804 4879 1870 4950 jura
1882 4892 1917 4933 rr-

296 4947 348 5004 bus
362 4947 389 5002 in
404 4948 499 5004 eadem
519 4949 579 5004 sine
595 4949 648 5003 ulla
671 4949 870 5021 interruptione
891 4949 1036 5020 possessis,
1048 4964 1084 5004 ex
1133 4954 1204 5025 galia
1220 4968 1281 5009 esse
1294 4951 1444 5022 proposuit,
1459 4965 1519 5020 quas
1529 4964 1616 5022 neque
1630 4950 1755 5015 distrahi,
1765 4966 1856 5020 ireque
1869 4948 1916 5018 jugi

295 5017 440 5141 capitulari
451 5017 540 5074 Caroli
555 5018 656 5089 lingni.
671 5020 764 5090 ltaque
783 5021 939 5076 centenaria
953 5061 961 5084 ,
978 5020 1083 5076 euerri-
1133 5026 1224 5096 aliquo
1238 5031 1360 5094 tempore
1382 5021 1522 5092 praescribi
1545 5029 1674 5092 possunt,
1697 5021 1916 5088 secundumque

295 5102 329 5142 cu
340 5102 386 5142 um
399 5088 520 5145 omnium
537 5089 686 5156 actionum,
701 5089 831 5146 Ecclesia·
847 5103 958 5147 causant
973 5091 1083 5146 submo-
1134 5094 1267 5152 sententia
1290 5094 1345 5148 lata
1359 5101 1403 5148 est
1415 5090 1493 5161 cujus
1510 5091 1635 5147 lormulae
1654 5101 1845 5162 propugnante
1866 5092 1915 5144 rim

296 5156 388 5224 rebit;
400 5158 513 5214 sccussi
526 5159 640 5227 questio
653 5168 774 5216 vertatur
787 5161 822 5215 dc
833 5175 916 5216 censu
931 5160 1083 5231 crnplriteu-
1133 5167 1241 5222 erudito
1268 5164 1380 5236 lingone
1408 5161 1535 5218 Picardet
1554 5161 1612 5217 lusci
1631 5173 1810 5230 procuratore
1838 5161 1913 5231 ragio,

296 5227 362 5294 tico,
383 5227 511 5293 streniam
525 5230 565 5286 sic
585 5239 742 5285 constanter
754 5230 865 5287 inolerit
878 5234 919 5301 (ιιι
933 5232 1023 5285 uerbis
1038 5247 1084 5287 co·
1134 5245 1245 5292 senatus
1255 5235 1335 5304 primi
1347 5233 1442 5304 iudicii
1455 5232 1543 5302 elogio
1557 5232 1729 5300 subscripsit.

296 5296 366 5354 dicis
380 5297 581 5369 lisigotbornm
600 5301 634 5355 de
656 5300 798 5356 tricennali
824 5313 907 5360 utar.
926 5317 960 5357 er
978 5301 1024 5356 lib.
1040 5318 1082 5364 ι,
1170 5305 1244 5375 (207)
1263 5304 1327 5360 Vide
1342 5305 1389 5359 lib.
1407 5319 1455 5370 ιιι,
1469 5303 1550 5373 epist.
1567 5301 1615 5357 92.

295 5380 325 5422 c.
338 5367 379 5436 2),
391 5381 422 5424 ut
431 5368 488 5438 iarn
500 5384 554 5426 non
567 5368 645 5438 quasi
655 5387 689 5426 cr
704 5372 882 5428 instructione
895 5371 1022 5436 bumana,
1036 5373 1084 5429 sed
1170 5377 1244 5447 (208)
1263 5373 1440 5431 Scirirnmtum
1457 5374 1484 5428 tl.
1502 5387 1527 5427 c.
1549 5371 1615 5428 Com
1633 5371 1717 5436 nobis,
1732 5372 1805 5427 sicul
1820 5381 1913 5441 tempus

296 5439 372 5493 retur
392 5454 426 5494 es
449 5440 507 5510 ipsa
532 5454 625 5496 rerum
642 5448 738 5496 natura
753 5442 920 5513 processisse
942 5441 1082 5506 maledieti
1134 5447 1292 5504 lrestilitatis
1310 5461 1335 5500 c.
1353 5443 1395 5499 Ex
1410 5445 1566 5498 transmisso
1588 5443 1649 5498 eod.
1665 5443 1707 5497 tit.
1726 5441 1911 5514 Tyranrridisl.

297 5510 445 5564 secundnm
469 5526 529 5579 qne
553 5510 579 5564 itt
606 5510 741 5565 auditorio
762 5513 845 5566 carim
871 5513 1009 5567 decretum
1034 5511 1085 5568 luit
1135 5517 1344 5574 decernimusc.
1368 5513 1521 5569 llesacros.
1536 5512 1640 5568 Eccles.
1664 5511 1726 5567 belli
1743 5511 1911 5574 intestinius

300 5574 355 5631 SC.
367 5577 404 5634 29
414 5576 535 5643 ianuarii
551 5580 630 5647 llilli,
645 5589 743 5653 agente
757 5581 904 5638 Francisco
916 5582 951 5637 de
963 5581 1085 5654 lloroges
1135 5589 1224 5644 ordin.
1241 5589 1313 5656 regia
1331 5584 1460 5648 blesensi,
1474 5581 1489 5654 i
1505 5582 1548 5647 50,
1562 5583 1701 5654 pupillaris
1716 5584 1808 5644 eratis
1819 5583 1837 5641 l
1850 5582 1910 5640 ιίιιιι

300 5646 430 5703 adversas
443 5648 541 5706 l'ranc.
559 5651 677 5723 Clerget,
699 5652 744 5706 ubi
759 5665 842 5721 super
862 5653 956 5707 eadem
973 5668 1002 5707 re
1020 5668 1083 5719 per·
1136 5659 1166 5716 e.
1185 5659 1221 5716 [ie
1235 5673 1344 5729 praescr.
1360 5653 1405 5725 eti,
1419 5655 1462 5712 rel
1475 5653 1510 5711 lli
1522 5667 1665 5710 antrorum.

299 5725 386 5785 petae
402 5719 549 5780 uoluntatis
561 5722 696 5780 constanti
714 5720 800 5794 elogio
818 5719 968 5792 judicatum
989 5723 1039 5778 luit
1052 5725 1083 5784 in
