4109 6325
268 273 339 331 itti
901 272 1097 333 maooaattt
1116 274 1150 331 ΙΙΙ
1169 274 1223 331 PP.
1833 281 1903 337 itta

267 398 397 461 truantur.
411 387 483 445 Sane
502 399 608 444 samma
633 384 793 442 intentionis
806 386 868 443 linis
892 390 983 460 operis
996 404 1058 445 esse
1072 394 1096 450 Α
1110 408 1159 449 nce
1181 392 1276 457 santes,
1300 406 1351 447 nec
1375 391 1448 447 aliud
1474 401 1501 447 te
1524 400 1617 464 posset
1632 408 1646 448 a
1659 393 1794 453 ciraritate
1817 398 1904 469 ipsius

266 486 357 563 riciret,
387 498 438 539 nco
465 481 533 538 solet
556 480 677 549 incipere
705 479 813 551 sapiens
830 482 903 552 quod
927 482 995 539 nolit
1011 491 1059 538 ant
1110 486 1282 557 aiiqrratenns
1307 500 1446 555 separare.
1463 482 1646 555 Spcrabamus
1669 474 1806 559 siquidem
1829 491 1905 560 quod

266 580 384 646 nequeat
399 584 596 631 consannnrare,
614 568 704 625 sciens
726 570 799 641 qarod
822 570 886 627 linis
897 586 952 626 non
969 588 1059 644 pugna
1110 577 1150 632 sie
1166 578 1243 634 nobis
1258 576 1372 633 driebter
1384 576 1537 633 adiraereres
1547 576 1619 648 arrod
1633 578 1716 636 telles
1729 596 1792 637 cum
1805 581 1905 637 trium-

268 672 394 730 coranat,
408 672 436 719 ct
451 676 504 717 uon
524 662 569 733 qni
591 662 715 732 ceperit,
737 662 786 718 sed
805 664 851 733 arri
866 677 1060 735 perseverare·
1111 670 1256 740 pisentibus
1271 667 1444 739 triumphare,
1470 681 1502 722 ae
1523 667 1587 724 iicet
1611 685 1704 726 casum
1728 686 1787 728 narr
1808 688 1906 745 posses

267 760 315 823 rit,
336 755 430 811 salros
449 756 510 819 erit,
537 770 588 811 nec
611 764 762 821 currentes,
791 756 840 814 sed
868 768 1060 827 percurrentes
1111 762 1259 819 inrmirlare
1282 764 1598 835 nobiscum,rcpntarss
1621 772 1723 831 tamen,
1738 766 1762 822 sl
1777 782 1840 823 cum
1855 780 1905 823 ea·

267 848 392 930 bravium
404 847 674 917 appreberrdaut,arat
682 856 848 904 coronentur
856 849 965 922 qrrinisi
975 864 1061 918 asquia
1111 853 1237 909 dentibus
1252 854 1382 917 caderes,
1397 854 1546 926 gloriosum
1562 864 1590 910 et
1611 854 1719 911 beatum
1734 850 1763 911 'tc
1776 858 1905 915 crederes

267 935 393 995 iniroem
416 936 538 1006 legitime
562 939 755 995 decertaverit.
785 938 926 1011 Siqrridem
950 942 1060 996 curnad
1111 944 1135 1001 si
1149 944 1365 1024 persecutionem
1389 954 1499 1015 propter
1515 944 1649 1015 iustitiam
1670 955 1698 1001 et
1718 944 1903 1005 obedientiam

268 1033 470 1103 promotionem
490 1032 647 1089 eirarissinri
668 1034 695 1088 in
721 1034 832 1088 cbristo
855 1034 903 1089 dlii
928 1036 1014 1090 nostri
1028 1034 1060 1089 tt·
1110 1037 1255 1106 patereris.
1278 1036 1502 1094 Saneadrcrtere
1519 1036 1659 1093 debuisses
1678 1052 1712 1093 ne
1727 1036 1825 1094 relicta
1838 1040 1905 1095 obe·

267 1123 364 1179 lustris
387 1124 461 1196 regis
486 1124 593 1179 ottonis
610 1126 637 1179 in
653 1123 838 1181 Rornanorum
867 1126 1059 1197 imperatorem
1111 1125 1220 1182 dientim
1230 1128 1441 1193 semita,eantra
1453 1127 1593 1194 stimulum
1603 1126 1759 1193 calcitrans,
1768 1130 1802 1184 ad
1811 1128 1905 1186 inobe-

268 1214 347 1274 eiecti
359 1229 413 1272 tam
425 1218 452 1273 in
468 1218 594 1288 personis
605 1233 686 1289 quam
698 1220 780 1273 rebus
790 1217 937 1286 plurimum
953 1217 1061 1273 labora·
1111 1218 1220 1275 di'entise
1232 1220 1309 1275 deria
1322 1218 1484 1287 declinares,
1501 1220 1731 1276 cumobedientla
1742 1220 1905 1292 praeferatur

267 1307 364 1364 veritis
377 1306 517 1375 hactenus,
532 1322 582 1364 nec
595 1308 679 1364 luerit
690 1309 767 1364 labor
785 1318 876 1365 vester
890 1309 988 1375 inanis,
1006 1310 1061 1364 imo
1111 1310 1228 1367 victimis
1239 1322 1265 1367 et
1277 1310 1437 1368 idololatriae
1459 1312 1643 1369 inobedientia
1657 1324 1845 1385 comparetur,
1860 1314 1905 1369 di·

269 1398 368 1469 planca
382 1414 463 1471 attam
479 1400 623 1471 plantastis
637 1402 793 1473 diligentius
803 1412 832 1457 et
848 1402 957 1472 rigastis
979 1402 1061 1471 dede·¹
1112 1413 1190 1459 cente
1213 1402 1342 1474 propbeta
1355 1422 1363 1458 ι
1375 1400 1504 1474 Nonquid
1525 1402 1580 1460 ertit
1601 1402 1727 1459 Drmiam
1743 1404 1905 1461 adversata

269 1494 307 1547 rit
319 1491 448 1549 Dominus
463 1492 674 1563 incrementum,
688 1493 725 1548 ita
735 1503 765 1548 ut
779 1494 928 1549 maturitati
936 1495 1062 1567 proxima
1112 1503 1136 1550 et
1147 1494 1276 1559 uictimae,
1288 1503 1311 1549 et
1327 1508 1379 1549 nou
1390 1493 1477 1565 potiar
1490 1504 1518 1549 ut
1529 1493 1667 1549 obediatur
1679 1496 1733 1550 auci
1747 1494 1829 1567 das?
1839 1494 1903 1551 tte·

266 1584 324 1653 iam
350 1584 484 1653 spondeat
510 1582 608 1641 uberes
634 1582 741 1640 iructus
766 1583 854 1649 vobis,
878 1596 972 1641 carcre
985 1599 1021 1641 ne
1034 1586 1061 1641 in
1113 1582 1211 1638 liareat
1230 1582 1299 1638 emim
1313 1584 1457 1639 obedieraia
1478 1598 1559 1655 paam
1574 1584 1696 1652 uictimae,
1710 1594 1733 1639 et
1748 1585 1905 1642 multare

270 1678 512 1749 raceumgratiam
522 1678 572 1735 bei
586 1677 734 1749 recipiatis,
754 1680 874 1735 sedeam
889 1680 980 1750 potius
992 1687 1063 1735 tem-
1112 1674 1195 1746 magia
1207 1690 1286 1745 auam
1301 1676 1395 1745 afferre
1409 1676 1513 1747 adipem
1525 1676 1792 1748 arietamraoorriam
1805 1694 1906 1747 pecea-

268 1786 336 1841 pora
356 1771 505 1841 acceptetis
525 1778 645 1840 accepto,
663 1779 766 1826 etcum
781 1770 1017 1841 viavobispateat
1032 1779 1060 1827 ct
1076 1744 1166 1821 Btam
1182 1766 1315 1822 adulandi
1329 1776 1367 1823 ert
1382 1784 1538 1839 repapnare,
1552 1777 1576 1825 et
1595 1770 1673 1841 goari
1691 1768 1776 1825 accim
1792 1768 1905 1825 iniciata-

269 1862 406 1919 sitoblata
421 1863 548 1931 iacrrltaa,
563 1864 626 1935 atria
640 1878 748 1934 semper
770 1864 864 1920 nocuit
891 1862 1000 1921 differre
1013 1881 1061 1935 pa·
1112 1860 1180 1925 trioe,
1197 1857 1265 1913 nuile
1288 1860 1451 1930 acquiescere
1473 1858 1498 1931 (i
1517 1856 1581 1931 lieg.
1596 1860 1653 1932 xv).
1679 1859 1796 1931 Legeras
1812 1869 1903 1916 autem

268 1956 414 2022 ratispon
429 1956 558 2026 queraris
573 1970 664 2011 moras
689 1964 737 2011 aut
759 1955 903 2013 dilationes
931 1956 1058 2026 captetis,
1112 1953 1184 2025 quod
1210 1954 1390 2011 inobedientia
1412 1955 1446 2011 de
1467 1954 1595 2026 paradiso
1618 1954 1739 2027 primum
1765 1954 1904 2010 irominera

270 2048 370 2105 aedeis
395 2048 506 2105 onrninu
533 2047 703 2118 postpositis,
730 2048 803 2119 quod
830 2048 900 2103 berre
925 2047 1060 2119 coepistis,
1112 2048 1261 2119 expatiaet
1276 2048 1385 2105 Saulem
1401 2063 1416 2103 a
1431 2062 1515 2121 regnu
1528 2046 1636 2119 dcioeit.
1652 2048 1689 2103 be
1701 2048 1904 2114 Christovero,

270 2148 402 2209 quantum
429 2138 585 2208 permiserit
613 2138 762 2203 Dominus,
793 2138 962 2209 compleatis.
990 2136 1062 2195 Ecce
1112 2140 1176 2211 arria
1192 2140 1334 2196 lactescat
1355 2139 1485 2197 obediero
1505 2138 1581 2195 Patri
1601 2154 1689 2211 usque
1714 2138 1750 2195 ad
1773 2148 1904 2207 montera,

270 2230 346 2285 enim
358 2229 482 2301 regiones
492 2228 586 2287 albeat
602 2230 635 2286 ad
650 2245 778 2296 messem,
790 2231 826 2285 ita
845 2241 874 2285 ut
891 2230 943 2286 nisi
956 2244 1062 2287 messor
1113 2240 1227 2287 mortem
1249 2240 1340 2286 autern
1362 2231 1463 2297 crucis,
1477 2231 1504 2286 in
1525 2231 1656 2303 apostolo
1671 2230 1799 2287 novimus
1815 2241 1843 2287 te
1864 2232 1906 2287 lc·

271 2322 390 2395 negligat
401 2324 576 2393 messionem
588 2324 636 2381 sed
656 2323 905 2396 ialceseaceingat
926 2324 1061 2395 potiusad
1112 2324 1183 2396 gisae
1206 2325 1277 2395 quud
1305 2333 1416 2395 propter
1439 2326 1492 2382 boc
1518 2324 1588 2382 beas
1616 2319 1749 2381 exallarit
1772 2324 1861 2391 iiturn,
1877 2336 1904 2381 et

271 2418 439 2483 metendum,
464 2428 569 2472 metere
596 2432 650 2472 aon
679 2416 766 2473 solum
790 2432 851 2487 quac
879 2417 1063 2471 seminaverat
1113 2414 1903 2487 darraritillinomcnquodestsuperomaeuornen,utiu

271 2509 331 2581 lpse
340 2508 435 2580 possit,
455 2511 503 2567 sed
519 2511 545 2566 in
556 2510 672 2566 aliorum
696 2511 801 2566 intrare
823 2510 943 2567 laborem
960 2518 986 2564 et
1000 2524 1062 2580 quae
1113 2509 1220 2563 norrrine
1235 2506 1297 2564 iesu
1310 2524 1392 2565 ornne
1403 2524 1473 2581 genn
1486 2506 1609 2564 llectator
1625 2507 1797 2576 celestium,
1821 2516 1906 2564 terre-

270 2600 317 2655 alii
331 2602 534 2659 seminaverant
546 2616 723 2674 congregare.
744 2602 883 2659 llunemus
901 2602 985 2671 igitur
998 2600 1062 2656 urri-
1112 2599 1209 2655 striom
1226 2608 1255 2656 ct
1274 2598 1444 2655 iniemorum
1459 2639 1467 2663 ,
1480 2608 1508 2653 et
1521 2598 1612 2654 omnis
1626 2596 1719 2668 lingua
1741 2596 1905 2654 conatuum

272 2692 429 2749 versitatem
453 2702 612 2749 nostramet
625 2694 805 2748 erlrortamur
823 2692 953 2749 attentius
968 2700 996 2747 ct
1013 2706 1062 2760 per
1101 2692 1240 2767 'quonian
1255 2690 1386 2749 bamirms
1400 2689 1480 2748 lesus
1494 2690 1621 2747 Christus
1645 2692 1673 2747 in
1688 2688 1774 2762 gloria
1798 2698 1840 2745 est
1855 2688 1904 2746 liei

271 2783 418 2854 apostoliea
430 2782 1061 2855 robisscriptamandamusquatenusattinem
1112 2784 1213 2842 Patris.
1233 2784 1301 2853 Quia
1321 2798 1388 2855 ergo
1404 2784 1500 2840 scienti
1524 2782 1641 2847 boarum,
1661 2791 1689 2839 ct
1710 2796 1765 2837 non
1782 2780 1903 2849 lametii,

271 2874 306 2930 ele
320 2882 421 2931 caetero
435 2883 489 2929 mna
503 2875 603 2931 vestris
625 2890 708 2945 apuam
727 2876 835 2945 imperii
854 2874 996 2931 laboribus
1011 2874 1063 2929 im·
1113 2886 1254 2949 peccatum
1270 2885 1313 2935 cst
1331 2876 1391 2941 illi,
1409 2886 1436 2932 ct
1451 2890 1547 2932 servus
1561 2874 1652 2932 sciens
1673 2874 1840 2930 voluntatem
1855 2876 1905 2931 do-

271 2964 389 3035 ponatis,
402 2964 493 3023 taliter
504 2981 552 3022 vos
563 2966 706 3037 accingere
715 2964 867 3037 procuretis
881 2973 912 3020 ut
924 2980 989 3021 carru
998 2979 1061 3021 curn
1114 2970 1179 3026 nrirri
1204 2970 1258 3037 sui,
1281 2980 1309 3027 et
1337 2987 1391 3028 nan
1416 2969 1531 3036 iaciens,
1546 2968 1688 3040 vapulabit
1709 2966 1813 3034 maltis,
1840 2982 1904 3024 curn

270 3055 430 3113 vocabimus
449 3056 483 3111 ad
502 3070 646 3122 coronam,
663 3055 736 3111 nulla
763 3069 812 3112 ros
834 3069 911 3110 mora
941 3054 1062 3112 detineat
1114 3077 1196 3131 qoam
1211 3062 1427 3119 commendabile
1442 3059 1653 3118 situbcdicntiar
1664 3060 1765 3116 bonum
1782 3071 1904 3131 ecquam

271 3146 337 3219 aulo
352 3148 379 3204 in
392 3146 456 3204 lorti
467 3163 548 3205 manu
565 3156 593 3206 ct
609 3148 723 3205 braclriu
741 3156 862 3217 extento,
882 3156 965 3218 prout
985 3118 1097 3204 ride·c
1114 3154 1274 3212 detestabile
1293 3153 1484 3212 inobedientia
1502 3152 1639 3209 vinculum
1655 3166 1690 3210 ex
1710 3150 1809 3208 divine
1827 3150 1905 3224 pagi-

271 3239 346 3296 bitur
358 3240 497 3310 expedire,
512 3241 546 3296 ad
560 3249 681 3298 nostram
702 3257 765 3298 cam
784 3241 956 3312 presentiam
976 3241 1063 3297 bono·
1114 3263 1157 3302 naa
1178 3245 1308 3304 didiceris
1321 3245 1448 3312 lectione,
1467 3253 1587 3302 veterem
1608 3243 1746 3300 bominem
1759 3259 1822 3300 cum
1837 3239 1908 3300 acti·

271 3331 349 3389 riirce
358 3333 512 3398 adducatis,
525 3334 682 3404 apostolicas
698 3334 896 3391 benedictionis
907 3335 1022 3406 gratiam
1036 3341 1064 3391 ct
1114 3341 1166 3398 bns
1194 3341 1251 3396 suis
1274 3352 1376 3397 eruere
1393 3339 1538 3396 debuisses
1557 3346 1586 3395 et
1609 3353 1710 3395 rovum
1732 3337 1848 3394 induere
1859 3337 1906 3412 gai

271 3436 358 3478 sacrae
384 3424 524 3480 unctionis
545 3425 704 3496 nrpsterinru
730 3435 933 3496 suscepturum.
960 3425 1064 3482 ratior
1115 3434 1164 3490 ribi
1177 3441 1205 3490 ct
1224 3433 1286 3490 aitis
1300 3432 1411 3505 reliquia
1432 3431 1587 3504 aucupum
1604 3439 1636 3487 ut
1654 3431 1807 3502 equanam
1820 3430 1907 3487 vcsti-

271 3513 356 3586 igitur
379 3515 562 3586 exsequimini
586 3517 659 3588 qood
687 3517 849 3577 mandamus
868 3527 899 3574 ut
914 3533 949 3574 ea
968 3518 1062 3576 intera·
1113 3527 1157 3596 gia
1179 3524 1257 3595 ejus;
1281 3533 1415 3596 qrratenos
1430 3524 1502 3581 sicut
1521 3523 1580 3595 ipsc
1599 3538 1652 3581 non
1673 3525 1761 3580 solum
1776 3523 1908 3581 obediens

223 3676 227 3682 Δ
271 3608 347 3663 tione
357 3622 406 3664 voa
419 3609 571 3665 ostendatis
590 3609 723 3666 bactcnua
741 3610 881 3666 laborasse
894 3611 966 3681 quod
979 3615 1061 3670 tinem
1114 3617 1169 3674 ileo
1184 3615 1269 3684 Patri,
1285 3618 1332 3673 sed
1347 3616 1439 3672 itariae
1456 3632 1489 3673 ac
1503 3615 1601 3688 ioseph
1617 3615 1745 3674 subditus
1756 3615 1843 3672 tuisse
1857 3619 1906 3673 de·

272 3699 358 3754 tantis
366 3699 543 3770 imponeretis
554 3701 692 3757 laboribus
702 3711 730 3758 et
745 3702 826 3774 digne
841 3703 1000 3774 reciperetis
1012 3720 1064 3776 pro
1114 3709 1254 3778 scribitur,
1268 3709 1309 3765 sie
1327 3720 1355 3766 ct
1368 3717 1396 3765 tu
1410 3709 1598 3779 superioribus
1613 3708 1742 3766 subditus
1756 3723 1810 3766 non
1828 3709 1907 3766 resis-

272 3798 392 3847 tnatoet
407 3800 462 3846 tuot
480 3791 692 3849 ditatittoltltote
712 3795 875 3849 mercedem.
1115 3811 1186 3858 teres
1202 3801 1417 3866 contumaciter,
1439 3801 1487 3856 sed
1507 3800 1646 3858 boruiliter
1664 3800 1814 3865 &redirem
1834 3815 1870 3855 ne
1883 3797 1907 3854 si

307 3881 405 3938 ilatum
419 3883 559 3956 Anagniae,
572 3901 599 3940 aa
615 3885 674 3940 itai.
690 3885 840 3942 Februarii·
1115 3896 1193 3952 aliter
1204 3909 1300 3968 ageres
1312 3932 1321 3961 ,
1335 3908 1384 3963 pro
1397 3893 1456 3965 pari
1470 3893 1587 3950 erimine
1601 3893 1738 3964 punireris
1751 3907 1806 3950 rron
1822 3893 1906 3963 impa-
1966 3953 1969 3956 ,

312 3970 346 4025 ln
359 3973 479 4027 eamdem
493 3973 547 4042 sere
562 3975 667 4029 raedam
683 3976 835 4046 caatpruaio
853 3975 1013 4050 Tirarr'rrgite.
1028 3979 1062 4036 ln
1114 3989 1181 4043 riter
1195 4003 1257 4042 curn
1273 3985 1365 4043 Saule.

272 4064 391 4118 mandem
404 4064 509 4118 raedam
525 4068 614 4120 corrriti
625 4067 744 4138 palatino
760 4070 853 4126 libem.
1150 4077 1227 4133 Licet
1254 4083 1346 4132 autem
1377 4074 1569 4132 inobedientiae
1596 4075 1692 4130 vitium
1722 4076 1906 4146 potuissemus

634 4159 701 4214 ClX·
1111 4168 1273 4238 jampridem
1298 4167 1324 4222 ia
1349 4172 1375 4222 te
1396 4165 1517 4236 graviter
1539 4165 1687 4230 vindicare,
1714 4181 1777 4222 cura
1795 4175 1905 4238 propter

290 4261 494 4304 incursasseoro
520 4265 754 4321 uacuasaaecasr,
774 4271 901 4312 sosarnus
931 4273 1045 4314 constan
1114 4260 1166 4316 iroc
1180 4275 1229 4330 per
1244 4257 1425 4316 venerabilem
1438 4255 1553 4310 iratrcm
1570 4265 1693 4311 nostrum
1705 4255 1904 4314 Praenestinum

603 4360 732 4404 susionis.
1114 4354 1282 4424 episcopum,
1306 4350 1462 4420 apostolicae
1482 4346 1557 4404 sedis
1572 4346 1710 4419 legatum,
1723 4349 1771 4419 qui
1787 4359 1907 4420 aposolus

309 4434 337 4489 ln
360 4435 566 4513 admirationem
589 4439 743 4497 inducimur
759 4443 948 4499 reirementem
963 4455 990 4500 ct
1007 4459 1060 4500 non
1076 4461 1101 4522 ῃ
1115 4447 1141 4501 in
1154 4443 1330 4501 cisterciensi
1346 4443 1442 4499 ortliue
1458 4439 1556 4510 luerit,
1572 4451 1601 4496 et
1623 4437 1756 4513 astantum
1772 4441 1864 4497 laeum
1878 4423 1906 4496 is

273 4532 381 4606 modico
392 4543 511 4589 moerore
524 4533 666 4589 turbamur
680 4535 752 4604 arrad
769 4551 830 4590 cum
850 4535 1063 4608 liagdeburgen-
1114 4537 1234 4594 Ecclesia
1249 4536 1380 4592 meruerit
1393 4533 1526 4600 obtinere,
1539 4545 1730 4606 quantumque
1744 4551 1794 4606 per
1817 4533 1906 4604 iniun-

273 4626 310 4702 sis
323 4623 445 4680 Ecclesia
459 4625 486 4680 in
502 4614 609 4696 magna?
615 4627 786 4684 necessitatis
797 4628 923 4695 articulo,
937 4629 1064 4685 videlicet
1114 4639 1186 4687 etnrn
1208 4627 1258 4700 ipsi
1279 4626 1424 4698 legationis
1443 4625 1562 4684 alliciam
1578 4627 1750 4683 auctoritatis
1771 4627 1796 4682 ei
1814 4642 1907 4684 acces·

274 4715 393 4784 tearpore
407 4717 573 4784 schismatis,
587 4720 771 4775 sinceritatem
785 4721 937 4777 devotionis
953 4731 982 4779 ct
997 4737 1062 4778 con-
1114 4725 1181 4779 serit
1196 4732 1223 4777 ct
1246 4719 1373 4787 lionoris,
1392 4731 1419 4776 te
1437 4736 1490 4777 non
1514 4720 1653 4777 eredimus
1667 4721 1807 4793 ignorare,
1824 4721 1906 4776 lucris

273 4809 403 4864 stantiam
433 4809 495 4865 lidei
523 4809 651 4867 Ecclesiae
680 4813 808 4869 donnanae
833 4815 961 4879 servarit,
978 4824 1005 4871 et
1036 4815 1062 4869 in
1115 4811 1404 4870 excommunicationis
1432 4813 1570 4868 sententia
1598 4811 1768 4878 innodatus,
1796 4827 1849 4868 nee
1868 4821 1906 4866 ·te

272 4901 366 4956 cariem
394 4916 480 4972 usaue
499 4889 542 4958 =ad
567 4905 625 4960 irasc
649 4914 773 4975 tempora
799 4908 983 4976 peroranserit
1010 4921 1063 4975 pu·
1116 4915 1256 4978 propterca
1272 4903 1538 4958 excommunicatum
1557 4901 1708 4968 irabtreris,
1731 4903 1780 4958 sed
1798 4919 1907 4959 escam·

273 4997 363 5061 ritate,
377 5011 459 5063 nrrnc,
474 5006 500 5053 te
516 4997 646 5064 iaciente,
661 5001 732 5067 quod
756 4999 879 5056 dolentes
904 5000 1063 5066 referimus,
1115 4993 1482 5062 rrrrrnicatuspraesumpseris
1492 4993 1643 5058 celebrare,
1656 5005 1707 5046 rios
1722 4999 1815 5047 tarrnen
1830 4993 1906 5046 canis

272 5089 446 5156 obscuratum
468 5101 512 5146 est
526 5106 632 5158 ararum,
648 5100 767 5147 mutatus
780 5100 822 5146 cst
841 5092 916 5148 color
930 5094 1062 5164 optimas,
1117 5089 1172 5142 trris
1189 5095 1217 5141 et
1237 5088 1372 5144 honestati
1392 5092 1557 5156 parcentes,
1572 5100 1819 5156 quantumcunque
1833 5085 1906 5139 tido-

273 5186 457 5253 etargentum
470 5190 544 5236 tuum
558 5183 585 5236 in
597 5183 953 5249 scoriarnestconrersum,
967 5193 1064 5239 corrtra
1118 5197 1209 5235 reram
1236 5181 1368 5251 derogare
1393 5178 1502 5250 legato,
1530 5179 1593 5235 lieet
1622 5179 1648 5235 id
1675 5197 1728 5235 non
1756 5179 1907 5236 laceremus

273 5274 299 5328 id
312 5257 384 5345 quod
402 5275 436 5330 de
459 5257 485 5330 te
501 5259 638 5332 'bactenns
659 5278 832 5349 putabamus.
853 5277 928 5332 lotcr
950 5287 1065 5333 caeteros
1117 5275 1206 5328 arrimo
1223 5273 1379 5340 derogandi,
1398 5281 1423 5326 tc
1445 5270 1594 5328 lecimusa
1619 5273 1730 5330 riacnlo
1747 5287 1907 5328 execramu-

273 5366 376 5447 etersim
388 5353 631 5425 ecclesiasticos’ca
645 5369 790 5425 saeculares
808 5370 914 5440 imperii
928 5369 1066 5439 principes
1117 5364 1262 5420 nicmiauis
1276 5363 1395 5426 absolvi,
1412 5362 1553 5418 credentes
1573 5363 1645 5434 qrrod
1661 5364 1792 5435 patientia
1815 5369 1908 5418 nostra

274 5472 301 5534 tc
319 5442 498 5541 credebamus
518 5444 675 5536 Rorrrmarn
690 5462 839 5519 Ecclesiam
855 5464 970 5534 artadum
985 5465 1066 5518 ruodo
1118 5466 1143 5512 te
1155 5457 1189 5512 ad
1210 5455 1396 5531 poeniteutiam
1417 5463 1568 5523 reuocaret,
1589 5472 1640 5512 nec
1654 5457 1749 5526 gratim
1768 5465 1870 5510 nostrae
1884 5465 1909 5508 tc

274 5557 418 5630 specialius
439 5557 564 5633 renerari
585 5555 759 5626 ctnosipsos
774 5557 894 5612 brachiis
907 5555 1065 5612 sincerioris
1118 5551 1150 5604 de
1172 5556 1272 5602 caelet'o
1293 5543 1438 5599 exhibetis
1455 5543 1603 5615 nigratum,
1628 5547 1676 5601 sed
1695 5547 1799 5620 gratias
1825 5560 1910 5618 ageas

274 5649 416 5716 (berrinniis
439 5648 604 5720 amplectier
618 5651 657 5706 ste
678 5633 876 5725 tn'appsaottcae
896 5649 969 5706 sedis
984 5649 1066 5705 devo.
1117 5643 1206 5712 potius
1224 5639 1359 5695 obedires.
1378 5636 1493 5704 icrunt,
1513 5639 1584 5696 sicut
1608 5655 1690 5711 opera
1716 5651 1761 5696 tna
1786 5640 1910 5694 testimo-

275 5717 348 5794 ticam
364 5739 655 5818 tirmiterpcnuanere
669 5753 697 5800 ut
710 5757 760 5821 pcc
783 5759 867 5819 triors,
883 5757 932 5798 nec
947 5742 1063 5814 gladius,
1118 5738 1191 5797 oium
1222 5729 1366 5807 perbibent
1398 5731 1528 5818 veritati,
1558 5733 1647 5792 iactus
1675 5744 1716 5792 cst
1745 5734 1911 5814 ιιοιὶεξὶιιιιιεΙ
