4109 6325
166 341 214 395 itt
643 334 894 395 ecurtatctttts
912 336 1006 397 ANNO
1026 338 1238 408 succidisti
1257 342 1336 399 itte.
1745 346 1803 402 722

169 466 226 507 iares
241 452 266 505 ri
281 446 572 519 tractuqueecmpnlaus
587 446 621 501 ad
632 449 828 503 oronasterium
842 450 959 507 accessit
972 453 994 513 Α
1009 460 1166 523 usurpatam
1191 462 1325 523 asserant,
1351 455 1494 526 babuisse,
1510 472 1559 513 uos
1579 457 1704 531 exigente
1723 458 1802 527 iusti·

166 559 227 599 eum
267 542 341 613 nagia
371 538 557 595 mareschalco
583 540 656 595 eirca
686 540 846 597 aiaaiidatum
886 544 956 615 aegis
1010 544 1125 609 tia,sabi
1143 543 1264 615 ejusdem
1289 545 1468 615 possessionis
1493 548 1665 606 commodum
1691 562 1802 605 conser-

166 648 247 707 quam
267 634 404 703 propriam
418 631 583 687 veluntatem
598 641 627 687 et
650 632 846 687 conscientiam
864 633 956 705 exple-
1007 642 1121 702 raaitea,
1151 645 1206 690 mna
1232 634 1435 693 destitutionem
1457 638 1521 695 dieta
1543 638 1665 697 Gaulridi
1692 654 1708 695 a
1731 640 1802 711 reai·
1826 634 1830 640 ’

167 736 253 781 torus.
273 722 840 780 lionaelrirernsubitorisaartultitudiue
864 740 956 781 arana·
1007 722 1081 781 ataine
1100 724 1237 795 prioratus
1264 739 1345 795 quam
1375 727 1593 785 substitutionem
1621 728 1726 799 praelati
1754 727 1800 784 W.

167 824 254 871 toriim
269 812 423 878 conterriti,
440 827 469 867 ae
491 813 611 868 uestibus
641 813 838 871 ecciesiasticis
861 816 956 872 indue·
1006 826 1034 870 et
1064 815 1212 887 sigillonem
1241 814 1442 871 damnationem
1462 815 1519 884 jam
1545 818 1663 885 dietam,
1687 833 1801 874 exeom-

166 917 241 975 runt,
254 908 331 963 etsie
346 905 433 960 induti
448 915 628 961 meairrerunt
642 906 676 961 ad
704 908 865 964 monasterii
893 923 956 978 por-

167 1006 396 1072 tas,opponentcs
418 998 531 1054 armatis
543 999 675 1069 imagines
689 1002 815 1059 cruciliai
834 1012 862 1059 et
878 1018 955 1059 rere·

166 1093 265 1150 rendas
279 1100 434 1147 sanctorum
460 1092 599 1161 reliquias,
614 1109 646 1149 ae
664 1095 753 1163 ipsum
777 1094 878 1151 Claristi
890 1109 954 1151 eor·

165 1200 224 1256 pus,
243 1182 446 1240 sanctissimum
480 1185 668 1251 obtendentes.
690 1201 722 1243 ac
749 1202 783 1243 ea
811 1195 890 1257 parte
908 1188 955 1245 lici

166 1285 194 1330 et
205 1285 295 1331 nostra
310 1273 483 1345 prohibentes
507 1274 610 1331 eisdem
623 1292 657 1333 ne
670 1278 865 1333 monasterium
891 1292 956 1349 apo·

167 1368 268 1425 stoliaco
276 1367 436 1437 protectioni
449 1368 616 1437 suppositum
627 1379 827 1439 presumerent
838 1369 953 1427 violare.

200 1458 250 1527 Qari
271 1458 333 1515 lieet
349 1458 437 1529 primo
452 1458 557 1514 lacinus
575 1460 779 1527 ealrorrnerint,
797 1469 891 1535 postea
913 1470 956 1515 ta-

166 1564 227 1605 men
239 1564 288 1621 per
299 1550 382 1605 alium
399 1549 639 1620 cotapetenticrem
661 1551 764 1607 aditum
790 1554 894 1607 calcata
912 1567 955 1607 re-

166 1641 286 1697 rereutia
301 1642 493 1711 irrumpentes,
508 1656 600 1697 sacras
614 1642 736 1701 ecclesio
764 1642 859 1700 vairas
883 1658 954 1701 ausu

1008 907 1201 963 manicaticois
1220 920 1328 979 quoque
1347 908 1509 963 sententiam
1525 923 1605 978 quam
1629 911 1656 965 in
1675 910 1800 966 eumdem

1008 996 1170 1053 Gauiridum
1190 998 1293 1067 eteius
1319 998 1464 1068 complices
1490 996 1563 1055 idem
1591 1001 1676 1057 abbas
1690 1012 1801 1072 propter

1008 1086 1182 1143 rebellionem
1197 1086 1351 1155 instiusmodi
1363 1079 1726 1157 promulgarinanctorttate
1736 1107 1801 1162 apc-

1010 1177 1105 1232 stcliea
1126 1178 1254 1232 desinaus
1281 1173 1490 1232 confirmandas.
1518 1176 1635 1250 ideaque
1659 1195 1800 1237 monemus

1009 1280 1144 1337 quatenus
1162 1267 1303 1338 praemissa
1321 1265 1502 1325 destitutionis
1516 1279 1544 1322 et
1566 1269 1745 1330 iustitutionis
1767 1284 1800 1325 ae

1006 1358 1352 1430 damnationissipillomm
1368 1357 1518 1415 sententias
1533 1357 1664 1415 iacientes
1675 1374 1722 1428 per
1735 1375 1801 1414 eeu·

1006 1448 1323 1507 suranaecelesinsticam
1334 1447 1439 1505 sublato
1450 1448 1639 1521 appellationis
1657 1448 1800 1504 obstaculo

1006 1544 1122 1600 firmiter
1133 1540 1284 1605 obseruari,
1302 1555 1334 1596 ae
1350 1540 1518 1605 thesaurum,
1536 1538 1690 1611 priuilegia,
1703 1539 1799 1606 libros,

1006 1635 1118 1690 abactas
1133 1642 1161 1689 et
1173 1632 1297 1688 uniuersa
1308 1630 1493 1702 ecelesiastica
1511 1642 1682 1697 mosomum,
1697 1644 1713 1685 a
1739 1630 1800 1703 qui-

165 1730 955 1807 riciarineouiregeruot,etiosanntumultusinqulaper·¹
1007 1727 1164 1795 ¹¹⁰⁵ffl¹¹ll¹¹0
1193 1723 1310 1779 ²¹50¹¹i¹²
1341 1723 1443 1780 luerint
1464 1724 1506 1779 *0¹
1530 1724 1679 1789 sublilem,
1704 1736 1800 1777 mona·

165 1830 330 1889 scrutantes,
348 1823 458 1895 prelato
481 1820 526 1878 W.
555 1824 758 1896 assignaverunt
785 1828 952 1895 gratterium,
969 1794 991 1850 B
1006 1822 1091 1878 sterio
1107 1818 1214 1881 restitui
1229 1827 1392 1885 memorato,
1406 1816 1479 1873 dieto
1494 1815 1584 1873 abbati
1609 1831 1642 1889 ea
1661 1822 1800 1885 parteno-

166 1911 329 1980 eellarium,
352 1914 539 1971 dorauimrium
573 1924 602 1970 ct
637 1914 761 1973 officinas
796 1918 954 1974 monasterii
1006 1908 1613 1993 stradrmitcrinjuuqatisutpossessicnibus
1630 1905 1800 1977 etaliisqui-

165 2003 318 2069 uniuersas,
347 2004 446 2061 iratres
479 2005 530 2063 loci
557 2005 678 2077 ejusdem
705 2008 750 2063 vix
779 2007 806 2063 io
834 2010 955 2065 onomata
1005 2000 1057 2057 ltus
1075 2002 1201 2058 nannaebi
1215 2000 1358 2056 memorati
1373 2016 1420 2071 per
1431 2000 1517 2057 dictos
1530 1994 1655 2054 comitem
1668 2004 1696 2053 et
1710 2011 1800 2053 mare·

164 2092 357 2165 claustrique
376 2094 521 2165 stupelaeti
544 2094 734 2165 coniecerant,
753 2096 952 2169 relinquentes,
1006 2095 1145 2152 selaalcum
1158 2092 1470 2165 seuquoscunquealios
1495 2090 1601 2162 spoliati
1616 2089 1737 2159 luerunt,
1752 2105 1800 2147 ec·

165 2183 211 2239 ubi
236 2183 397 2239 necessariis
416 2198 484 2239 nova
503 2182 552 2239 ¹eis
571 2178 772 2241 inhumanitate
793 2185 952 2255 subtractis,
1005 2204 1070 2245 ruan·
1079 2187 1162 2258 priori
1178 2202 1210 2243 ae
1221 2186 1288 2258 ipsis
1303 2184 1423 2257 plenarie
1437 2184 1581 2251 restitutis,
1594 2183 1696 2239 eisdem
1718 2183 1800 2240 beae·

165 2270 339 2342 etprnbibito
354 2272 546 2343 nequisquam
572 2271 638 2343 ipsis
660 2270 759 2328 audeat
773 2272 875 2345 aliquid
902 2275 965 2331 mi-.
1006 2274 1096 2335 licium
1110 2276 1285 2335 absolutionis
1296 2274 1462 2347 impendant,
1491 2284 1518 2329 et
1529 2282 1644 2345 paterna
1667 2272 1743 2343 ipsos
1754 2273 1800 2328 be·

165 2361 292 2427 nistrare,
301 2362 328 2415 in
340 2368 424 2416 tautae
438 2369 502 2417 sulit
518 2362 690 2418 necessitatis
715 2364 833 2421 articulo
849 2366 953 2423 consti-
1004 2353 1138 2443 nignitate
1166 2376 1329 2439 pertractet,
1354 2382 1387 2423 ac
1402 2365 1587 2439 possessiones
1611 2364 1744 2422 alienatas
1771 2364 1799 2421 iu

166 2454 215 2509 tuti
231 2462 260 2510 ut
279 2456 313 2509 ad
328 2454 391 2509 ritae
413 2461 660 2509 sustentamentum
684 2469 738 2510 nnn
764 2456 953 2515 babeantnisi
1004 2477 1143 2521 enormem
1172 2460 1293 2533 ejusdem
1320 2459 1479 2516 monasterii
1502 2458 1639 2515 lesionem
1661 2457 1694 2514 ad
1709 2458 1754 2529 jus
1768 2466 1797 2514 et

164 2544 361 2615 quodquidam
382 2544 447 2601 boni
469 2546 521 2601 riri
545 2546 647 2603 eisdem
673 2546 862 2605 misericordia
886 2551 953 2607 moti
1004 2556 1209 2627 proprietatem·
1224 2552 1309 2624 ipsius
1327 2549 1475 2608 seeundum
1503 2548 1618 2603 locatam
1642 2548 1669 2603 in
1697 2545 1799 2603 uostris

165 2636 258 2694 iurtim
284 2638 425 2711 porrigunt
450 2653 499 2709 per
523 2638 668 2697 fenestras.
696 2640 774 2697 Unde
801 2642 878 2699 nobis
903 2643 955 2700 iuit
1005 2643 1106 2700 litteris
1119 2641 1353 2714 comprehensam,
1366 2638 1445 2708 jnxta
1479 2638 1551 2708 quod
1567 2636 1594 2692 ira
1611 2646 1705 2692 nostra
1729 2651 1799 2707 prae·

164 2744 199 2784 ex
241 2739 318 2797 parte
348 2730 466 2799 ipserum
488 2730 626 2787 launiiliter
648 2731 825 2803 supplicatum
850 2745 954 2793 uttam
1005 2732 1167 2806 seutiaejus
1188 2732 1314 2789 maniachi
1338 2747 1409 2787 auare
1433 2729 1573 2802 praeterito
1598 2728 1798 2799 prnrntsemm,

164 2822 241 2891 praui
271 2822 416 2876 calamitati
459 2828 487 2877 et
520 2820 682 2880 calamitoso
717 2824 869 2894 gravamini
908 2843 955 2884 se·
1005 2827 1262 2882 studeatrevoeate.
1286 2820 1418 2899 Caeterum
1443 2817 1677 2890 sidictiprioret
1698 2832 1793 2875 mona·

164 2910 282 2967 cundum
317 2921 472 2968 consuetam
504 2912 658 2982 apostolieae
689 2918 761 2971 sedis
786 2917 955 2975 clementiam
1005 2921 1049 2977 ebi
1073 2921 1106 2975 de
1125 2918 1259 2974 charitate
1273 2930 1379 2980 amares,
1396 2913 1438 2969 rel
1462 2911 1550 2982 major
1563 2920 1610 2969 aut
1624 2909 1716 2968 sanior
1734 2918 1800 2981 pars

165 3018 326 3061 succurrere
349 3004 534 3075 dignaremur.
558 3004 613 3060 Nos
630 3006 711 3075 igitur
725 3007 758 3063 iis
778 3017 805 3063 et
827 3006 956 3081 aliisque.
1005 3001 1798 3080 eorurn,supealibertatemonasteriisuidejurerolucrint

164 3109 180 3148 a
204 3094 326 3164 partibus
342 3094 418 3151 luere
441 3096 577 3179 proposita
598 3096 702 3168 plenius
720 3098 874 3166 intellectis,
889 3103 952 3174 quia
967 3132 988 3192 C
1006 3094 1799 3178 experiri,nesensbenipne,cumrequisitilucrimus,au-

164 3188 503 3268 manifesteeopuouimus
522 3189 665 3261 predictos
679 3192 786 3262 judices
811 3209 954 3265 perperam
1006 3199 1120 3258 diemus,
1137 3189 1207 3247 sicut
1218 3187 1370 3245 videbimus
1380 3187 1517 3256 expedire.
1527 3183 1629 3241 Taliter
1639 3194 1729 3240 autem
1744 3195 1801 3240 sat·

163 3281 345 3351 processisse,
354 3297 427 3348 eom,
436 3290 466 3336 ut
476 3284 648 3354 exceptiones
657 3283 724 3340 alias
736 3295 882 3353 taceamus,
891 3303 955 3344 cau-
1004 3287 1132 3362 agatipse
1146 3282 1230 3337 abbas
1238 3278 1382 3353 pacificare
1389 3293 1422 3335 ae
1435 3278 1584 3334 reformare
1594 3285 1695 3332 statum
1705 3290 1801 3332 mona·

164 3385 222 3427 sam
237 3371 391 3429 nullatenus
405 3373 636 3432 commisissemus
657 3378 758 3434 eisdem
773 3378 796 3434 si
822 3380 954 3438 nobisne-
1003 3381 1080 3440 sterii
1088 3374 1240 3441 memorati,
1250 3373 1436 3430 ecaiservando
1446 3371 1565 3427 rationes
1576 3377 1603 3425 et
1612 3369 1801 3426 immunitates

163 3461 281 3522 uelatum
299 3463 597 3536 luissetquodeaquae
613 3483 660 3540 per
676 3471 749 3540 ipses
782 3475 953 3544 exsequenda
1004 3473 1099 3543 ipsius,
1116 3483 1151 3525 nc
1161 3482 1211 3522 nos
1222 3474 1333 3537 propter
1344 3462 1403 3534 elus
1417 3463 1608 3535 negligentiam
1623 3470 1671 3517 aut
1681 3459 1800 3516 insolen-

164 3553 356 3612 ¹⁰³¹lt¹²l¹ss1¹¹⁸
390 3555 554 3622 auctoritate
569 3561 677 3632 propria
692 3561 798 3632 publice
808 3565 953 3622 denuntia·
1004 3556 1384 3630 tiamenmpellamurdeipso
1396 3553 1797 3611 monasterioaliudoadiaare.

163 3655 261 3702 verant
279 3661 327 3718 per
340 3645 472 3706 dimceses
489 3666 553 3709 suas
571 3662 599 3709 et
620 3653 745 3710 districte
759 3655 955 3713 mandaverant
1003 3652 1116 3720 Quodsi
1132 3655 1385 3715 iacucmnes,etc.,
1399 3647 1451 3703 duo
1469 3639 1601 3711 uestrum,
1618 3657 1671 3700 ete.
1690 3643 1741 3699 llos
1752 3639 1800 3699 de·

163 3736 314 3800 obseruari,
327 3737 397 3793 unde
410 3740 551 3802 occasione
562 3742 687 3814 rescripti
702 3759 751 3814 per
764 3744 846 3801 talem
858 3747 953 3803 subre—
1005 3747 1098 3815 nique,
1114 3742 1162 3797 tilii
1178 3738 1300 3806 abbates,
1315 3749 1370 3795 ete.

163 3826 282 3898 ptiouem
297 3829 400 3884 obtenti
414 3845 584 3904 contraquam
606 3837 754 3905 procedere
781 3837 951 3906 debuissent,
1040 3837 1137 3892 batum
1150 3832 1289 3901 Laterani,
1306 3846 1351 3886 arr
1375 3830 1487 3885 llaleml.
1509 3828 1643 3894 ianuarii,
1660 3823 1798 3897 qmotidea·

162 3917 226 3992 quia
238 3919 321 3976 etiam
336 3917 404 3978 lines
416 3924 502 3979 atostri
513 3923 676 3982 excolentes
701 3927 832 3999 mandati,
849 3931 953 3987 brachii
1005 3937 1049 3985 tus
1064 3925 1151 3981 nestri
1166 3939 1238 3980 auno
1254 3922 1360 3977 decimo
1372 3922 1467 3990 quinto

163 4013 303 4070 &culatis
320 4011 450 4069 auxilium
476 4014 646 4085 invocarunt,
664 4019 727 4074 dum
741 4035 835 4076 eorum
857 4023 954 4088 adana

161 4105 343 4176 appellatione
353 4107 488 4178 pendente
499 4115 590 4176 partes
603 4109 815 4180 sopergtpscmm
824 4127 953 4182 processu

162 4197 191 4252 in
209 4191 303 4253 nostro
325 4197 459 4253 auditorio
478 4195 629 4268 litigabant,
654 4214 715 4256 cum
728 4201 810 4257 etiam
836 4204 963 4278 praviter

160 4295 254 4357 posset
270 4285 394 4356 impediri
421 4285 605 4344 ecclesiastiea
617 4289 720 4347 utilitas
745 4299 773 4347 et
792 4291 915 4358 libertas,
931 4296 953 4350 si

160 4376 284 4448 quolibet
296 4379 385 4450 iudice
398 4380 522 4450 imperito
537 4382 629 4437 torma
647 4382 790 4438 autetiam
815 4385 955 4443 malitiose

162 4480 267 4526 tentem
293 4469 431 4538 jaculante
461 4472 633 4542 senteutiam,
657 4487 705 4528 rea
725 4488 771 4530 seu
798 4475 991 4546 quicunqueo

161 4562 232 4618 alius
254 4561 381 4633 prinecps
397 4562 431 4618 ad
446 4563 630 4620 ecelesiastica
648 4563 718 4620 bona
733 4579 841 4619 manum
856 4575 951 4623 euleu·

160 4651 256 4719 deret,
271 4653 347 4722 quasi
365 4653 487 4709 eamdem
509 4653 662 4710 executioni
686 4655 851 4710 senteutiam
876 4671 954 4711 runia-

161 4741 289 4808 daturus,
303 4757 335 4798 ac
345 4743 427 4798 etiam
442 4759 476 4800 ex
490 4745 554 4812 lace}
565 4760 647 4815 praue
663 4749 757 4816 posset
772 4745 844 4801 inter
858 4761 953 4802 saeer-

162 4835 268 4892 dotium
293 4844 497 4906 otquerepnum
521 4835 680 4893 scandalum
708 4835 846 4906 generari,
875 4839 953 4908 quid-

159 4927 226 4998 quid
242 4927 277 4983 ab
292 4917 395 4983 eisdem
421 4911 558 4999 judicibus
581 4911 671 4982 taliter
693 4929 846 4986 factumest
868 4929 909 4985 uel
920 4931 954 4987 ab

159 5019 222 5073 aliis
252 5033 301 5086 per
318 5018 436 5075 studium
466 5019 638 5086 enmmdem,
660 5017 820 5076 deiratrum
845 5013 953 5077 nostro-

159 5125 222 5165 rum
240 5111 355 5167 consilio
369 5113 476 5168 irritum
500 5111 670 5169 decrevimus
696 5121 724 5168 et
738 5112 829 5168 inane.

197 5201 297 5258 verum
318 5203 381 5272 quia
396 5217 444 5273 per
460 5215 616 5272 expressam
639 5203 840 5259 consessionem
860 5219 954 5261 mena-

159 5297 274 5351 elacrem
290 5296 324 5351 de
341 5295 481 5352 Claritate
498 5297 578 5355 anobis
589 5299 712 5357 corastitit
726 5299 869 5356 euidenter
891 5299 955 5357 Glu-

159 5384 315 5442 nlaeeuscm
350 5387 475 5444 abbatem
503 5389 702 5458 possessionem
729 5388 887 5447 instituendi
921 5405 953 5448 ac

1359 4030 1473 4090 cxcii.

1004 4144 1092 4185 unnim
1111 4143 1222 4184 amicat
1238 4139 1383 4181 utaurtnaa
1393 4139 1518 4188 quernas
1533 4136 1614 4179 uacat
1626 4136 1740 4177 aniciam
1752 4137 1800 4178 co·

1259 4233 1333 4272 atris
1348 4211 1536 4272 ruaunaaus'rs.
1645 4207 1650 4216 “

1024 4311 1238 4380 Juapntroooma
1259 4301 1387 4373 concedit,
1404 4305 1603 4429 pecccatorum
1615 4305 1781 4361 collationem

1371 4393 1436 4447 caepe
1449 4414 1457 4431 .

1196 4469 1344 4542 (Laterani,
1362 4485 1379 4524 u
1392 4469 1462 4526 Nan.
1475 4468 1619 4538 intonari.)

1053 4563 1110 4619 Etsi
1126 4562 1254 4631 precibus
1274 4563 1327 4618 tuis
1358 4561 1477 4618 iacerem
1497 4569 1628 4632 praestare
1650 4560 1798 4616 seeundum

1006 4656 1090 4712 Deoua
1099 4654 1258 4711 benevolum
1273 4654 1454 4717 intendamus,
1469 4665 1517 4707 eas
1529 4661 1695 4722 tameuquas
1711 4651 1799 4720 repel-

1007 4749 1038 4804 lit
1048 4747 1155 4820 justitia
1182 4761 1232 4804 nos
1254 4747 1399 4803 admittere
1411 4759 1465 4800 aen
1494 4743 1635 4808 debemus,
1660 4755 1721 4797 eum
1740 4742 1799 4813 ejus

1006 4841 1096 4897 laeum
1118 4840 1164 4912 qni
1191 4839 1281 4909 iustus
1290 4846 1331 4894 est
1347 4845 1375 4893 et
1389 4831 1626 4908 lustitiam21bligit
1641 4877 1649 4903 ,
1665 4835 1728 4890 lieet
1745 4834 1798 4890 im·

1005 4935 1107 5000 meriti,
1125 4941 1264 4988 teneamus
1278 4929 1307 4983 in
1326 4928 1417 4984 terris.
1433 4927 1528 4985 Oblata
1542 4929 1653 5001 quidem
1669 4927 1748 4983 nobis
1761 4941 1797 4982 ex

1007 5037 1051 5081 tua
1066 5031 1143 5098 parte
1160 5021 1254 5094 petitio
1276 5021 1434 5078 continebat
1448 5021 1534 5091 quod,
1553 5035 1615 5076 eum
1633 5019 1661 5074 in
1677 5019 1797 5089 quodam

1006 5117 1067 5172 loeo
1092 5116 1131 5170 tui
1150 5112 1284 5182 dotalitii,
1303 5113 1376 5184 Nepa
1398 5112 1516 5180 nemine,
1539 5111 1573 5166 ad
1598 5112 1731 5166 horrorem
1748 5111 1796 5167 liei

1006 5205 1149 5263 ecelesiam
1175 5204 1290 5259 tundere
1314 5217 1449 5274 proponas
1462 5208 1490 5256 et
1521 5199 1556 5256 de
1575 5200 1654 5256 bonis
1677 5199 1730 5257 tuis
1758 5201 1798 5256 sic

1006 5301 1084 5372 plena
1099 5313 1181 5354 manu
1200 5297 1295 5353 dotare
1320 5295 1392 5366 quod
1413 5293 1552 5351 canonicis
1566 5293 1611 5365 qui
1627 5291 1682 5348 lieo
1693 5292 1795 5348 ibidem

1007 5407 1057 5462 pro
1070 5401 1194 5461 tempore
1217 5388 1337 5445 servient
1353 5389 1508 5444 necessaria
1527 5387 1591 5442 ritae
1615 5401 1668 5440 non
1684 5383 1795 5450 desint,

159 5477 323 5534 destituendi
351 5493 400 5550 pro
423 5493 478 5535 suae
500 5481 577 5536 libito
599 5480 747 5536 voluntatis
762 5481 789 5536 iai
819 5489 954 5538 monaste-
1004 5484 1051 5554 jus
1064 5492 1223 5556 patronatus
1238 5492 1266 5537 et
1286 5481 1495 5554 prebendarum
1523 5479 1694 5536 collationem
1721 5477 1748 5532 in
1764 5491 1797 5532 ea

160 5569 206 5626 rio
222 5571 256 5628 de
271 5571 411 5640 charitate
424 5577 538 5646 priores,
550 5584 578 5630 et
591 5575 744 5647 corrigendi
765 5589 797 5630 ac
812 5557 954 5630 ordinandi
1007 5576 1055 5631 tibi
1082 5573 1327 5632 aesueeessoribus
1342 5574 1395 5630 tuis
1424 5575 1556 5630 reservari
1577 5573 1697 5643 petebas.
1720 5571 1796 5638 Quic-

159 5677 222 5732 qum
242 5663 406 5735 corrigenda
427 5665 468 5722 vel
486 5665 635 5722 ordinanda
658 5665 780 5730 vidisset,
795 5679 844 5735 per
862 5662 956 5734 riqiirti
1008 5679 1068 5719 rum
1081 5665 1196 5735 primum
1211 5663 1390 5720 admittimus.
1405 5660 1560 5720 Secundum
1586 5676 1651 5716 vern
1672 5674 1723 5715 riou
1747 5660 1798 5713 daa-

161 5769 266 5823 arriana,
292 5755 355 5815 licet
387 5758 439 5830 ipsi
466 5755 601 5836 ιιιοιιιιεὶιῖ1
616 5746 648 5818 de
671 5759 810 5820 charitate
833 5759 954 5818 camalam
1008 5749 1098 5813 xiimus
1110 5750 1409 5826 concedendom‚eum
1430 5765 1482 5814 tem
1495 5771 1549 5812 aon
1568 5752 1694 5825 expediat
1715 5751 1796 5809 salirti
