4109 6325
225 332 280 391 oct
670 322 867 382 txxoctlurtt
888 322 922 379 iil
943 322 994 380 ΙΨ.
1017 322 1254 381 REGESTORUM
1273 322 1338 381 ttb.
1358 318 1429 381 ΧΙΙΙ.
1815 324 1873 381 328

227 462 418 511 strecessorum
444 444 520 517 ipsos
544 440 678 498 duxeritis
705 440 868 507 visitandos,
891 441 918 496 in
942 439 1023 495 ‹tonnro
1039 445 1061 501 Λ
1078 448 1122 494 tnr
1150 439 1288 495 eticorum.
1311 440 1476 512 Eaproprer‚
1502 438 1595 497 dilecti
1625 438 1652 495 in
1675 440 1790 499 bortrino
1813 442 1874 511 biit,

226 559 277 602 sua
301 555 364 598 cum
386 536 484 609 uiginti
505 531 693 590 evectionibus
717 533 870 589 scaminus
892 546 1023 602 procura·
1075 529 1265 601 restrisjnstis
1278 530 1627 601 petitionibusarnnucntes.
1641 530 1785 586 ecetesiam
1803 529 1879 588 San·

227 635 298 692 bum
313 634 340 688 in
354 644 442 694 anno;
458 627 485 681 in
499 624 653 697 plebatibus
669 632 762 680 autent
778 626 835 679 suis
847 624 890 678 bis
910 624 937 679 iu
951 636 1023 677 anno
1074 631 1126 678 eta)
1151 620 1241 676 Lucia
1264 637 1324 692 qune
1337 622 1411 677 Fotrc
1425 621 1523 679 Gracco
1537 622 1669 678 rocabnio
1688 635 1877 694 norrenpatur,

228 741 279 783 res
300 722 432 779 erbibcre
448 718 593 775 curabunt.
610 716 743 773 beterris
760 731 825 772 roro
843 731 911 787 eptas
926 715 1024 770 amotio
1075 720 1151 767 crtra
1168 710 1322 767 Thebarum
1333 712 1449 783 positam
1463 712 1614 780 civitatem,
1628 726 1690 769 cum
1701 714 1880 783 pertinentiis

229 824 308 875 extra
321 813 463 870 tironium
481 826 529 867 scu
544 809 665 866 beotiam
683 824 744 866 cum
764 810 865 865 auritio
891 808 938 864 bei
955 808 1023 862 uicti
1076 801 1145 866 suis.
1160 816 1242 873 (tuem
1265 802 1380 860 uttecrns
1406 802 1477 857 filius
1499 810 1593 859 noster
1619 802 1786 860 Benedictus
1805 802 1878 861 tituii

230 906 332 962 iratres
350 903 506 974 acqrrirent,
517 901 627 972 iiigcnsi
645 901 774 971 episeopo
786 900 898 955 nrinirnc
913 912 1026 969 respon·
1078 893 1187 948 Sanum
1203 893 1334 949 Susannae
1347 897 1490 965 presbyter
1505 894 1663 961 cardinatis,
1684 905 1749 950 tunc
1764 903 1880 964 aposto·

229 998 342 1063 debunt,
356 1011 408 1053 nec
421 996 478 1066 ipsc
491 996 525 1052 rie
537 995 590 1052 iitis
604 1008 651 1051 cos
661 994 834 1063 atiquatenus
850 990 1024 1054 molestabit;
1078 986 1136 1041 tica
1149 986 1223 1041 settis
1244 986 1348 1057 tegatur
1364 987 1391 1040 in
1415 986 1540 1057 partibas
1565 984 1716 1053 ttonraaiae,
1738 986 1817 1042 robis
1841 986 1880 1042 au

229 1090 278 1147 eeu
290 1104 351 1145 cunr
363 1088 497 1158 episcopis
507 1087 633 1143 eroarrcte
644 1085 741 1141 ibinicnr
751 1096 860 1155 quoquo
870 1080 1026 1136 rationabili
1080 1090 1160 1135 terra
1186 1088 1289 1135 sarrctm
1313 1078 1520 1136 subventionem
1543 1078 1694 1136 iiberaliter
1714 1080 1878 1151 assignarit,

232 1182 315 1239 morio
331 1190 507 1251 eornrponcnt,
523 1178 565 1235 rei
584 1176 769 1233 observabunt
785 1174 858 1245 qrrod
872 1174 1025 1244 apostolica
1079 1174 1152 1228 sicut
1174 1188 1234 1229 earn
1252 1172 1324 1242 juste
1344 1188 1377 1230 ae
1394 1172 1509 1243 pacibce
1524 1173 1681 1243 possidetis,
1695 1174 1774 1229 robis
1786 1182 1814 1229 et
1828 1187 1880 1244 per

232 1275 313 1333 sedes
337 1288 419 1344 super
444 1273 496 1327 boc
520 1269 672 1339 providerit
689 1266 878 1325 statucmtum.
895 1264 1027 1337 Regulam
1079 1283 1128 1321 ros
1148 1266 1239 1322 domui
1256 1266 1715 1337 resneanctoritateapostotottca
1728 1266 1879 1322 conbrma·

233 1382 342 1437 quoquc
358 1365 472 1420 iratnnn
496 1363 601 1418 miiitiae
617 1360 722 1433 Templi
739 1374 898 1424 servantes,
915 1359 987 1415 aliud
1000 1360 1028 1413 in
1080 1374 1141 1415 unu
1161 1367 1189 1414 et
1214 1359 1359 1429 presentis
1379 1359 1475 1429 scripti
1494 1360 1648 1431 patrocinio
1664 1356 1877 1415 communimus.

234 1459 329 1515 babitu
356 1457 463 1525 signum
491 1453 663 1525 praeferent,
690 1464 721 1508 nt
746 1454 892 1509 ostendant
919 1464 950 1506 se
975 1447 1030 1505 titis
1080 1450 1152 1507 Nniii
1169 1466 1246 1523 ergo,
1271 1452 1695 1519 ete,nostraeconfirmationis,
1710 1463 1776 1520 ete,
1796 1466 1882 1522 mque

233 1563 406 1619 rthnmpram
427 1561 487 1603 esec
505 1545 653 1613 subjectos.
671 1544 846 1616 sepulturam
865 1555 973 1613 utroque
994 1541 1030 1596 ed
1082 1544 1264 1599 incursurum.

233 1657 303 1713 opus
324 1642 439 1697 botrum
464 1648 492 1695 ot
521 1637 632 1693 familiae
655 1653 723 1703 suae,
749 1652 798 1693 nco
825 1651 879 1692 nou
904 1636 987 1691 otiam
1003 1645 1032 1692 et
1119 1638 1215 1693 batum
1238 1636 1379 1702 Laterani,
1399 1651 1445 1692 rr.
1465 1634 1678 1703 Kabbctcbris.
1699 1636 1884 1709 pontificatus

237 1748 333 1789 corum
360 1731 406 1802 qui
431 1731 502 1801 apud
526 1731 597 1802 ipsos
619 1728 750 1802 elegerint
768 1728 891 1800 sepeliri,
915 1727 1031 1784 liberem
1085 1730 1171 1785 nostri
1187 1743 1259 1784 anuo
1277 1729 1477 1786 tertiodecimo.

238 1824 359 1896 predicti
381 1822 481 1879 iratres
500 1823 654 1885 habebunt,
669 1822 743 1879 saiva
761 1820 894 1878 canonica
910 1821 1035 1892 portione
1050 1804 1072 1860 Β

238 1918 358 1987 ipsarum
374 1915 584 1972 ecclesiaruma
606 1914 706 1985 quibus
731 1922 1034 1983 assumunturcorpora

240 2018 420 2063 nrnrtuorunt.
433 2005 487 2063 Nos
507 2007 590 2076 igitur
605 2006 830 2077 compositionem
846 2005 1032 2078 approbantes

240 2105 366 2160 eamdem
379 2144 387 2169 ‚
404 2102 490 2175 ipsam
503 2104 665 2161 auctoritate
679 2102 828 2174 apostoliea
841 2102 1037 2159 confirmamus

239 2206 268 2253 ct
282 2197 425 2269 pinsentis
447 2197 542 2267 scripti
563 2196 717 2268 patrocinio
734 2195 947 2252 communimus.
964 2193 1035 2250 Nniii

240 2303 316 2358 crgo.
345 2296 410 2353 etc,
428 2298 526 2344 nostrae
548 2286 778 2355 cuuiirmationis,
807 2297 971 2357 etc.,urque
999 2285 1039 2341 in·

241 2397 393 2438 cursurum.

278 2471 374 2527 batim.
391 2472 533 2540 Laterani,
552 2473 718 2531 runbecca.
736 2470 910 2538 Nouembris,
926 2470 1038 2541 pontiti·

239 2575 317 2621 catue
328 2566 413 2619 nostri
429 2579 501 2620 anno
516 2565 717 2621 tertiodecimo

160 2730 163 2735 Ι
598 2655 699 2712 cxttt.

242 2762 382 2805 utrrcurro
396 2760 532 2803 uaersrno
545 2762 580 2805 rr
595 2762 744 2805 rrrrnnms
759 2761 871 2805 murrum
885 2760 992 2804 eunrsrr
1010 2760 1036 2800 ur

483 2854 589 2896 urucam
601 2854 788 2897 consrrrurrs.

536 2930 625 3002 Super
636 2930 738 2987 eodem.

491 3022 612 3093 (Datum,
623 3030 651 3076 ut
667 3021 695 3076 in
708 3021 789 3095 utic.)

279 3116 347 3174 tium
363 3128 443 3189 super
457 3124 533 3174 sorte
545 3124 691 3179 terrarum,
711 3125 778 3184 cte..
791 3125 818 3172 ut
832 3117 861 3172 in
876 3116 944 3185 etio,
958 3130 1040 3188 usqne

244 3223 384 3266 converse
397 3208 467 3266 inter
483 3223 535 3265 uos
550 3216 578 3264 et
590 3207 773 3265 venerabitem
788 3210 898 3266 tratrem
915 3219 1039 3267 nostrum

244 3301 1038 3374 Ripensemepiscopumsuberenrinenostrocontrorersia

243 3400 406 3460 uerteretur,
430 3395 612 3454 mediantibus
627 3398 736 3452 demum
750 3393 828 3451 uobis
841 3395 874 3450 au
888 3394 959 3451 bane
974 3408 1040 3450 con-

243 3481 366 3538 cordiam
380 3482 538 3551 devenistis,
560 3495 590 3540 ut
603 3484 731 3541 uidelicet
746 3499 794 3540 ros
811 3483 919 3540 tertiam
933 3494 1039 3555 partem

243 3575 399 3630 earumdem
416 3585 562 3644 terrarum,
576 3577 676 3636 Lectio
689 3577 794 3634 scilicet
807 3593 839 3634 ae
852 3577 984 3641 Liuorriae.
1004 3579 1039 3636 ab

243 3664 339 3720 nortem
351 3667 478 3739 episcopo
493 3669 618 3739 teneatis,
633 3669 736 3726 nubum
752 3669 815 3739 sibi,
828 3681 883 3727 ete.
898 3679 927 3725 ut
939 3670 967 3724 in
984 3670 1038 3726 otiu

244 3773 326 3829 ereptae
340 3761 486 3830 procinctae
509 3768 603 3818 contra
623 3776 744 3833 paganos
763 3771 896 3835 perpetuo
912 3762 1037 3819 intende·

246 3849 291 3906 tis.
311 3849 409 3906 Verum
426 3853 557 3924 magister
568 3862 660 3910 uester
675 3854 721 3924 qui
735 3867 786 3925 pro
801 3864 923 3927 tempore
942 3854 1037 3919 tuerit,

1428 1821 1544 1879 cxutv.

1424 1930 1533 1974 risose.

1247 2003 1394 2076 Confirmet
1405 2005 1523 2061 dicerene
1534 2006 1721 2076 porrectiones.

1333 2098 1454 2169 (Datum,
1472 2107 1500 2151 nt
1513 2098 1541 2151 in
1555 2097 1633 2165 otia.)

1121 2186 1206 2244 iustis
1222 2187 1371 2258 petentium
1380 2186 1523 2241 desideriis
1536 2185 1647 2258 ‹tigrnnn
1659 2194 1701 2242 cst
1711 2200 1761 2240 nos
1774 2183 1886 2242 taciieur

1087 2280 1211 2352 precinere
1227 2293 1400 2347 consensum,
1412 2288 1439 2334 et
1452 2287 1513 2333 rota
1532 2292 1593 2348 qne
1608 2294 1624 2332 a
1640 2276 1755 2333 rationis
1774 2279 1887 2333 tramite

1088 2388 1142 2431 non
1163 2371 1320 2428 discordant
1332 2368 1431 2427 cii'ectu
1451 2379 1632 2440 prosequente
1655 2368 1803 2441 complere.
1828 2370 1887 2426 iia·

1088 2473 1208 2537 propter,
1224 2463 1315 2520 dilecti
1331 2464 1358 2519 in
1374 2463 1490 2519 Domino
1505 2461 1565 2529 biii,
1579 2463 1679 2519 restris
1694 2461 1777 2533 justis
1789 2475 1887 2534 postu·

1089 2558 1237 2614 tationibns
1252 2555 1389 2621 inclinati,
1400 2557 1604 2613 concessionem
1620 2565 1701 2612 terrae
1718 2558 1753 2613 tte
1765 2555 1844 2628 Rupe
1854 2566 1888 2612 et

1088 2650 1202 2707 ioannis
1217 2648 1264 2705 biii
1275 2648 1379 2705 Nicotai
1391 2650 1426 2705 ce
1438 2649 1538 2706 vianet
1549 2663 1612 2705 euru
1626 2648 1757 2703 tratribus
1767 2658 1795 2704 et
1806 2664 1890 2705 soro·

1088 2744 1166 2799 ribus
1180 2742 1276 2798 suisac
1288 2741 1507 2813 possessionibus
1515 2751 1543 2798 et
1558 2742 1643 2799 rebus
1655 2741 1716 2796 otiis
1726 2740 1887 2798 comantem

1088 2850 1104 2889 a
1119 2832 1256 2889 nobilibus
1268 2831 1338 2887 uiris
1354 2830 1508 2888 Roianuino
1521 2832 1555 2888 de
1572 2828 1681 2888 Canusa
1700 2838 1729 2887 et
1742 2830 1888 2886 bibertino

1090 2940 1221 2997 germano
1245 2925 1305 2997 ejus
1331 2940 1383 2981 nee
1407 2940 1463 2981 oon
1476 2940 1492 2980 a
1505 2923 1585 2981 bonae
1607 2924 1747 2981 memorie
1770 2922 1887 2994 iirrgone

1089 3024 1124 3077 ce
1133 3018 1244 3090 Ceiongi
1256 3020 1333 3077 robis
1343 3019 1444 3077 tectam
1464 3018 1562 3074 intuitu
1573 3015 1694 3088 pietatis,
1710 3017 1783 3074 sicot
1793 3015 1837 3088 pie
1849 3029 1888 3070 ae

1090 3113 1204 3186 prorirte
1217 3111 1290 3170 iacta
1305 3121 1367 3179 est,
1382 3112 1549 3169 auctoritate
1563 3108 1714 3183 apostoiiea
1736 3109 1890 3167 coritirma·

1090 3223 1152 3266 ntus
1173 3217 1201 3266 et
1222 3209 1369 3279 presentis
1392 3208 1487 3278 scripti
1503 3206 1658 3279 patrocinio
1673 3206 1890 3262 communimus.

1091 3301 1160 3356 Nutti
1180 3315 1258 3372 ergo,
1275 3307 1345 3368 etc,
1369 3310 1471 3358 noetrae
1486 3297 1711 3363 confirmationis,
1725 3303 1792 3364 etc..
1805 3309 1892 3367 tirou

1091 3393 1277 3449 incursurum.

1127 3485 1235 3553 batuto,
1251 3493 1280 3540 ut
1295 3483 1324 3539 itt
1338 3481 1392 3539 otiu
1410 3496 1458 3554 per
1468 3489 1548 3536 totns.

1432 3571 1536 3628 CXLV.

1430 3681 1540 3723 ersueu.

1334 3758 1372 3814 De
1384 3758 1475 3814 curtari
1490 3764 1657 3830 orpumento.

1341 3850 1462 3920 (batum,
1475 3859 1505 3904 ut
1517 3850 1545 3904 in
1562 3851 1639 3920 otio.)

243 3949 311 4006 etc..
327 3951 353 3996 ut
363 3941 465 4010 irratio,
475 3958 521 4014 per
531 3953 614 3998 totum
624 3959 706 4014 usurae
720 3943 828 4001 curarit
838 3945 1039 4002 remittendum.
1127 3942 1259 4000 bnnttere
1274 3938 1419 3996 consueris
1441 3938 1520 3995 seties
1532 3938 1681 4010 epostoiieo
1697 3938 1751 4009 piis
1765 3938 1845 4004 rotis,
1861 3949 1893 3995 ct

247 4029 306 4088 Vos
322 4041 414 4088 autem
439 4042 467 4090 et
490 4029 663 4091 successores
676 4035 759 4090 uestri
781 4036 827 4108 jus
849 4035 984 4093 babebitis
1005 4034 1040 4092 ari
1092 4034 1213 4090 bonestis
1239 4031 1390 4102 petentium
1416 4030 1544 4102 precibus
1572 4029 1695 4086 favorem
1726 4031 1891 4088 beneroinru

247 4123 379 4181 ecelesias
400 4125 473 4196 ipsus
488 4137 616 4183 vacarues
633 4125 745 4199 Ripensi
765 4127 893 4199 episcopo
907 4142 1041 4200 personas
1092 4127 1236 4198 impertiri.
1249 4126 1410 4198 iiapropter‚
1427 4126 1519 4184 dilecti
1533 4125 1561 4181 in
1573 4127 1689 4182 bomine
1708 4127 1768 4195 titii,
1789 4128 1891 4184 restris

246 4217 560 4287 tuoneasprosenunut,
572 4233 641 4289 quas
653 4219 753 4290 ipsedu
768 4235 833 4276 cura
848 4219 1041 4276 inrestirenoa
1088 4217 1172 4288 iustis
1190 4217 1418 4290 postutationibus
1442 4228 1521 4290 prato
1539 4229 1735 4276 concurrentes
1757 4234 1890 4289 assensu,

247 4307 355 4364 uiueret
379 4309 541 4366 estimarunt.
564 4310 697 4366 Caeterum
716 4324 778 4367 curn
793 4311 914 4381 ipseros
933 4311 1043 4368 duxerit
1092 4312 1202 4368 (tornum
1224 4309 1356 4366 Phiiocab'
1383 4311 1455 4381 epoti
1483 4310 1709 4368 Tiressaionicam
1722 4325 1784 4367 eum
1803 4310 1891 4381 perti·

247 4399 409 4468 notrannus,
421 4405 447 4459 in
462 4404 543 4460 domo
557 4413 647 4460 uestra
661 4417 723 4459 curn
741 4405 838 4476 uiginti
852 4406 1042 4464 erectionibus
1093 4403 1194 4460 nentiis
1206 4403 1284 4471 suis,
1298 4417 1379 4474 ortam
1393 4403 1510 4460 dilectos
1523 4402 1596 4459 titius
1614 4413 1709 4460 noster
1721 4400 1890 4457 beneriictus

247 4492 333 4548 sonrei
349 4493 374 4548 in
390 4510 463 4551 anno
476 4498 601 4554 eumdem
616 4500 747 4557 curabitis
762 4512 926 4567 procurare;
941 4497 968 4554 in
982 4497 1040 4569 pie·
1058 4523 1078 4577 0
1094 4495 1164 4552 titnii
1190 4495 1299 4552 Sancte
1318 4495 1452 4552 Susannre
1477 4496 1621 4567 presbyter
1639 4492 1797 4557 cardinatis,
1818 4501 1888 4546 tnnc

245 4582 355 4642 batibus
368 4596 459 4643 autem
474 4590 572 4646 restris
585 4604 648 4646 eum
663 4590 827 4648 exhibebitis
845 4589 889 4646 bis
912 4589 939 4644 in
956 4603 1038 4644 anno.
1093 4589 1340 4661 apostolicaesedis
1354 4583 1888 4659 legatusinpartibusiiornaniae,robie

248 4674 286 4729 be
314 4677 394 4732 terris
422 4691 486 4734 vcro
512 4694 580 4750 alnas
607 4683 705 4738 aumtto
730 4689 807 4739 extra
828 4680 970 4738 Lironiam
992 4693 1041 4735 seu
1093 4685 1127 4738 art
1141 4693 1221 4740 terrae
1231 4693 1333 4740 sancte
1346 4683 1549 4740 subventionem
1562 4679 1712 4737 tiberatitea
1724 4677 1887 4748 assignarit,

246 4765 368 4824 beotiam
395 4785 457 4826 curn
485 4770 532 4827 bei
547 4773 650 4830 auritio
675 4773 823 4844 acorriretis
849 4771 963 4844 Rigensi
984 4773 1042 4842 ept-

246 4871 329 4928 sccpo
354 4857 465 4916 minime
488 4863 698 4934 respondebitis,
716 4875 782 4931 etc,
802 4865 830 4922 iu
853 4863 973 4920 eurndenr
987 4863 1042 4933 [cre

248 4951 354 5005 aroduor
370 4961 397 5007 ut
412 4951 439 5008 in
455 4952 525 5022 otio,
545 4971 627 5025 usone
642 4957 670 5012 in
683 4957 774 5027 finem.

284 5041 393 5111 barnan,
412 5053 441 5100 ut
458 5046 486 5101 in
500 5046 555 5103 otiu
566 5063 612 5117 per
626 5057 721 5105 toturn.

582 5140 695 5197 cxcttt.

336 5245 470 5287 uacrsrno
483 5247 518 5288 er
531 5247 679 5289 rueramus
691 5247 803 5289 suerrus
822 5249 932 5290 renuet.

356 5321 537 5390 Cantennam
553 5325 591 5379 eie
604 5325 713 5380 ecelesia
732 5326 795 5380 doto
807 5341 823 5379 a
836 5323 933 5395 teporo.

428 5415 577 5488 (Laterani,
594 5433 626 5472 ru
639 5416 698 5472 tint.
711 5415 861 5486 Octobris.)

159 5495 168 5504 ’
265 5535 271 5545 ·
282 5504 350 5561 Cum
365 5509 471 5564 anobis
484 5509 585 5580 petitur
596 5507 667 5578 quoti
675 5506 779 5577 justum
790 5517 831 5563 cst
844 5515 871 5562 ct
884 5507 1039 5570 incaustum,

248 5603 304 5652 tem
323 5599 400 5669 rigor
413 5601 550 5670 :nutriretis
563 5615 645 5672 otram
657 5601 726 5658 oruc
746 5600 831 5672 exigit
846 5598 958 5656 reticius
971 5609 1000 5654 nt
1013 5599 1039 5654 tu
1138 5613 1141 5618 ·

248 5675 298 5755 pe'r
310 5688 518 5746 solticitudinem
530 5691 612 5747 otiieii
629 5691 714 5747 nostri
727 5691 760 5748 ari
775 5691 896 5766 debitum
908 5691 1041 5762 perducu-

285 5803 362 5877 (ibb)
372 5803 438 5862 tito
450 5803 519 5860 iufra
533 5805 612 5876 epist.
632 5803 692 5860 ibi.

1092 4777 1163 4833 sicut
1176 4791 1237 4833 eam
1250 4776 1325 4847 juste
1339 4789 1373 4832 ac
1389 4774 1503 4848 paciiiee
1515 4772 1682 4846 possidetis,
1698 4771 1774 4826 vobis
1790 4780 1820 4826 et
1837 4785 1889 4840 per

1091 4882 1141 4925 ros
1156 4868 1249 4926 domui
1263 4877 1362 4924 restrae
1381 4869 1545 4924 auctoritate
1568 4864 1718 4936 apostolica
1737 4861 1891 4918 contirone-

1091 4975 1154 5015 mus
1175 4966 1205 5016 et
1230 4959 1374 5030 presentis
1392 4959 1487 5029 scripti
1502 4956 1656 5028 patrocinio
1673 4953 1889 5013 communimus.

1090 5049 1162 5107 ttatu
1186 5065 1262 5123 erpo,
1277 5059 1344 5118 etc,
1359 5061 1459 5107 nostrae
1479 5048 1706 5116 confirmationis,
1722 5055 1792 5114 etc..
1803 5059 1891 5116 espec

1093 5141 1274 5198 incrusurum.

1128 5235 1234 5303 liniunt,
1248 5245 1277 5291 ut
1290 5235 1318 5291 iu
1331 5235 1386 5292 otio
1399 5251 1446 5307 per
1459 5243 1553 5290 totum.

1423 5324 1540 5381 cxttt.

1436 5431 1547 5473 rrsuerr.

1316 5535 1319 5543 ,
1335 5507 1462 5579 Ejusdem
1471 5508 1629 5580 erpumerrti.

1340 5601 1461 5672 (batum,
1476 5611 1504 5656 et
1516 5601 1544 5656 in
1558 5601 1638 5672 aiio.)

1112 5692 1264 5766 (tbbisoier
1272 5709 1396 5752 arrnnere
1403 5697 1482 5754 sentes
1493 5697 1714 5769 apostotica‚etc.
1723 5695 1889 5766 Eapropter,
