4109 6325
248 328 300 387 ets
690 322 886 383 mtlocsurtt
902 323 936 381 tll
953 325 1005 381 Pt‘.
1028 322 1262 382 ttddssssldlldlf
1282 322 1346 382 litt.
1366 326 1425 385 xl.
1533 336 1544 343 ·
1832 340 1885 397 att

586 434 715 491 Cllell.
1057 436 1165 503 Auctis
1177 436 1334 493 discrimina
1348 453 1399 494 nos
1424 438 1557 499 inducunt
1580 454 1610 502 ut
1633 461 1681 504 ros
1707 456 1735 505 et
1758 450 1885 509 ordinem

248 542 828 595 rucursrtsooroorrnurcsrrsr,sree1sunee
854 542 1040 595 senonicensr,
1092 537 1211 582 restrum
1226 525 1322 585 farore
1335 528 1466 586 continuo
1488 548 1698 608 prosequentes,
1723 541 1809 612 quieti
1837 558 1886 599 ne.

283 643 319 683 ar
338 635 589 681 ennarrationsnsr
613 635 809 677 ctsrenctsnsrs
829 636 936 678 ouoturs
955 636 1042 678 cauo·
1091 624 1155 673 strae
1168 619 1329 689 propensius
1343 620 1528 690 intendamus,
1558 637 1586 683 et
1599 630 1757 687 studeamus
1777 632 1887 691 auferre

284 727 555 773 rtccnsrsmurossts.
1091 708 1168 764 robis
1192 710 1335 765 materiam
1366 714 1533 782 gravaminis
1557 727 1585 773 et
1606 717 1720 777 laboris.
1752 720 1823 779 llinc
1842 732 1886 781 est

414 805 452 861 p,
465 806 590 860 ,pepone
601 806 703 860 ,psam
718 804 883 862 anatramp,
1091 801 1163 870 qarod
1174 801 1251 856 robis
1261 802 1426 859 auctoritate
1437 810 1610 875 praesentium
1629 812 1803 884 indulgemus
1819 827 1848 871 ut
1860 820 1884 873 si

461 895 612 967 (laterani,
623 894 714 950 ldibus
724 895 820 964 Jrruii.)
1091 893 1136 963 qni
1156 894 1313 950 elcatribus
1326 897 1425 952 restris
1437 897 1464 951 iu
1479 900 1651 969 seinvicem,
1672 904 1741 963 ‘sire
1759 906 1786 962 iu
1814 908 1884 964 alios

286 991 436 1063 Diligenter
448 989 585 1045 auditiset
600 988 795 1059 perspicaciter
812 987 957 1045 intellectis
980 1004 1041 1059 qrrae
1090 984 1231 1056 religiosos
1243 985 1388 1055 quoslibet,
1400 1003 1449 1044 seu
1464 992 1547 1047 etiam
1561 994 1588 1049 tn
1603 996 1719 1055 ciericos
1739 1002 1885 1059 mutare,

248 1098 339 1139 coram
352 1082 427 1137 nobis
437 1079 573 1151 proposita
589 1087 652 1134 sunt
667 1094 682 1131 a
697 1079 824 1145 patribus
836 1094 918 1149 super
936 1079 1041 1135 duabus
1090 1090 1188 1131 manus
1199 1075 1344 1144 iniecerint
1354 1078 1498 1150 violentas,
1520 1099 1570 1154 per
1585 1087 1757 1146 ditecesauos
1780 1092 1886 1162 episco-

247 1172 424 1229 electionibus
439 1172 465 1225 in
477 1168 625 1225 Tutellensi
639 1169 807 1224 monasterio
829 1169 981 1237 celebratis,
1012 1177 1042 1226 et
1090 1181 1141 1238 pos
1156 1166 1336 1225 absolutionis
1360 1171 1523 1231 beneficium
1552 1192 1747 1254 assequantur,
1775 1188 1885 1245 etiamsi

248 1264 434 1336 delegatorum
446 1277 586 1334 processu,
599 1261 645 1331 qui
670 1276 752 1316 unam
782 1272 932 1329 cassantes,
958 1263 1040 1319 aliam
1089 1274 1185 1316 eorum
1201 1260 1283 1331 aliqui
1299 1262 1375 1333 prins
1391 1279 1472 1335 quam
1488 1268 1610 1325 habitum
1626 1285 1747 1331 restrum
1762 1278 1885 1347 suscipe·

247 1356 457 1420 confirmarunt,
471 1353 591 1424 pensatis
604 1351 781 1407 nibilominus
793 1362 889 1407 natura
910 1360 942 1407 et
952 1352 1040 1423 quali·
1090 1361 1166 1421 rent,
1176 1353 1230 1409 tale
1239 1354 1341 1425 aliquid
1353 1360 1541 1415 commiserint
1554 1370 1746 1437 propterquod
1757 1371 1884 1441 ipsoactu

247 1444 432 1513 tatenegctii,
469 1443 568 1513 quibus
598 1440 824 1512 potinsduxinurs
841 1441 1038 1510 inherendum,
1089 1446 1378 1506 exconrmuoicatiouis
1391 1452 1556 1508 sententiam
1568 1455 1755 1527 incurrissent,
1770 1462 1882 1519 nisiex-

249 1538 366 1607 ipsnrum
382 1537 563 1607 delegatorum
593 1535 754 1591 sententiam
783 1542 869 1589 ratam
895 1536 1038 1601 babentes,
1089 1549 1183 1591 cessus
1198 1537 1318 1607 ipsorum
1334 1550 1410 1597 esset
1424 1541 1541 1601 difficilis
1556 1555 1584 1601 et
1595 1549 1725 1617 enormis,
1739 1561 1833 1623 utpute
1856 1556 1881 1610 si

248 1642 297 1699 per
312 1626 460 1699 apostolica
487 1626 565 1682 robis
590 1626 691 1695 scripta
718 1625 879 1681 mandamns
906 1636 1039 1696 qnatenus
1089 1636 1161 1683 esset
1173 1627 1208 1684 ad
1221 1631 1419 1689 mutilationem
1436 1636 1551 1691 membri
1563 1636 1608 1692 rel
1622 1642 1762 1711 sanguinis
1772 1642 1883 1700 effttsio·

249 1720 482 1777 cumanotoritate
493 1728 585 1774 nostra
599 1718 709 1775 faciatis
728 1718 921 1775 inuiolabiliter
943 1719 1038 1775 obser·
1089 1731 1151 1773 nerra
1161 1734 1332 1790 processum,
1346 1732 1393 1779 aut
1404 1724 1522 1781 uiolenta
1543 1743 1640 1784 manos
1668 1732 1696 1785 iu
1725 1734 1882 1804 episcopum

248 1814 317 1879 nari,
328 1810 554 1877 contradictores,
570 1810 592 1865 si
606 1811 652 1880 qui
667 1810 780 1877 fuerint,
806 1809 847 1866 vel
862 1810 975 1866 rebelles
989 1826 1039 1881 per
1056 1784 1132 1863 Brel
1147 1810 1271 1867 abbatem
1285 1813 1397 1885 injecta,
1413 1831 1476 1872 cum
1492 1832 1622 1875 excessus
1635 1821 1704 1877 tales
1728 1831 1757 1879 et
1778 1824 1882 1883 similes

247 1918 392 1959 censuram
419 1902 633 1959 ecclesiasticam
674 1902 855 1973 appellatione
890 1902 1039 1972 postposita
1089 1900 1600 1979 sinescandaloneqneantpreteriri.
1626 1911 1699 1967 Nulli
1716 1928 1792 1986 ergo,
1814 1925 1879 1985 etc,

247 1994 455 2065 compescendo,
475 1995 555 2051 nullis
564 1995 661 2052 litteris
675 1994 785 2050 ueritati
804 2001 832 2049 et
850 1992 1040 2063 justitiaaprae·
1090 1992 1283 2059 concessionis,
1298 2004 1365 2058 etc..
1379 2012 1461 2068 nenne
1474 1999 1659 2057 incursurum.
1849 2054 1851 2056 ,

245 2086 459 2157 indicantibnsa
475 2086 700 2157 sedeapostolica
727 2085 893 2158 impetratis.
918 2085 1038 2154 Quodsi
1125 2084 1223 2141 Datum
1238 2084 1376 2158 Signiaerx
1391 2088 1505 2147 llaleud.
1530 2090 1608 2162 tunt,
1633 2095 1808 2165 pontificatus
1831 2114 1881 2157 tro-

246 2193 300 2233 ucn
315 2193 422 2243 omnes,
439 2187 511 2247 etc.,
525 2178 577 2235 duo
591 2186 722 2244 nestrum,
738 2186 793 2234 etc.
1089 2176 1139 2232 stri
1154 2192 1226 2233 anno
1240 2178 1346 2237 decim
1360 2182 1467 2253 quinto.

283 2268 380 2325 iratum
394 2269 535 2339 Laterani,
558 2269 647 2327 idibus
657 2268 741 2339 funii,
757 2269 930 2341 pontificatus
950 2267 1038 2327 nostri
1434 2273 1542 2333 cxxx,

248 2362 436 2418 annodecimo
450 2362 557 2432 quinto.
1284 2382 1693 2430 urnnrcsusrsurcursrrsceeo.

577 2451 716 2511 CXlllllll.
1174 2458 1307 2515 Adcersna
1317 2462 1542 2532 urcbiept'scopnm
1558 2464 1791 2539 Burdegolcrrtcnt.

244 2558 349 2602 ascero
361 2562 457 2603 cocart
474 2562 508 2602 er
522 2560 673 2602 cousensus
684 2560 777 2601 sauttrr
789 2560 881 2601 tnesu
903 2560 937 2601 os
956 2562 1036 2603 urse.
1322 2552 1444 2623 (Signia,
1455 2569 1470 2608 r
1482 2554 1544 2611 ldus
1553 2555 1641 2627 iulii.)

353 2636 498 2705 Confirmat
511 2635 565 2690 iiiia
582 2636 671 2689 uineas
686 2635 782 2689 montis
795 2634 929 2691 Auentini.
1123 2640 1180 2713 (92)
1201 2643 1347 2713 Diligenter
1369 2645 1468 2702 antlitis
1484 2654 1512 2701 et
1528 2649 1724 2719 perspicaciter
1737 2652 1879 2711 intellectis

457 2726 597 2799 (Laterani
624 2726 715 2785 idibus
728 2726 824 2797 lunii.)
1089 2749 1150 2804 qttae
1166 2744 1192 2789 tu
1203 2731 1232 2790 tit
1242 2735 1880 2815 dilectusfiliusmagisterllmanensprecurator

280 2824 378 2880 Coram
390 2824 488 2879 dilecto
503 2821 558 2879 lilio
573 2830 667 2877 nestro
678 2822 758 2878 Petro
774 2821 844 2879 tituli
858 2821 965 2879 Sancte
975 2823 1036 2879 Cae·
1087 2824 1253 2879 venerabilis
1269 2826 1362 2883 fratris
1390 2828 1477 2883 nostrl
1502 2828 1712 2904 burdegalensis
1739 2838 1881 2908 arciriepi·

244 2916 314 2972 ciliae
331 2917 490 2987 presbytero
504 2916 652 2979 cardinale,
667 2931 749 2987 quem
775 2918 889 2989 syndico
914 2918 1037 2974 ecclesiae
1087 2915 1162 2986 scopi
1174 2930 1267 2973 coram
1282 2918 1360 2974 nobis
1370 2935 1523 2992 proponere
1535 2924 1656 2981 voluistis
1666 2940 1749 2996 super
1768 2940 1881 2986 senteu-

245 3006 354 3062 Sanctcc
370 3006 470 3062 Priscae
483 3020 514 3061 ac
527 3019 670 3061 meotrotuo
683 3006 840 3063 monasterii
864 3009 949 3063 rostri
971 3024 1037 3063 con·
1089 3006 1126 3060 tia
1138 3022 1220 3078 qurum
1241 3012 1404 3069 anctoritate
1420 3014 1555 3085 primatiae
1567 3018 1726 3073 iueumdem
1742 3019 1881 3093 arentept·

243 3098 377 3155 cessimus
387 3098 549 3166 auditorem,
563 3097 633 3153 idcm
647 3098 777 3169 syndicus
791 3098 900 3155 nomine
911 3099 1034 3156 ecclesiae
1048 3122 1070 3181 ρ
1086 3114 1197 3172 scopum
1216 3104 1410 3176 promulgasti,
1425 3108 1614 3179 suspendendo
1624 3108 1713 3180 ipsum
1737 3112 1771 3168 ab
1788 3111 1880 3172 officio

245 3189 351 3245 Sanctia
363 3189 461 3246 Priscae
470 3203 567 3247 omnes
576 3189 670 3246 vineas
686 3191 712 3245 iu
727 3199 819 3248 monte
837 3192 972 3249 Auentino
989 3206 1036 3263 po·
1086 3194 1290 3264 metropolitica
1304 3197 1447 3269 dignitatis
1457 3215 1508 3271 pro
1519 3214 1552 3256 eo
1566 3203 1638 3273 quod
1651 3205 1685 3257 ad
1705 3213 1781 3258 tuum
1794 3220 1879 3262 roca·

244 3278 322 3342 sitas,
335 3293 404 3349 quas
415 3279 484 3334 idem
498 3279 692 3335 turonasterium
705 3280 873 3349 possidebat,
899 3281 933 3337 ab
959 3295 1034 3338 ceco·
1087 3291 1130 3340 tus
1147 3285 1292 3342 concilium
1306 3289 1437 3346 accedere
1454 3305 1508 3347 nou
1523 3294 1642 3360 curarit,
1662 3309 1716 3351 uec
1733 3297 1880 3364 proseali·

243 3384 326 3425 nnmo
344 3370 401 3442 ipso
413 3371 532 3442 petebat,
545 3387 612 3444 quas
628 3373 807 3444 pertiucrcad
819 3373 1036 3432 ecclesiamb'an·
1085 3391 1166 3447 qrrem
1177 3377 1302 3435 idoneum
1317 3381 1464 3452 destinare,
1480 3385 1515 3440 de
1527 3388 1665 3442 communi
1692 3387 1804 3444 fratrum
1829 3406 1880 3447 tro-

243 3471 295 3517 ctae
306 3461 407 3520 Priscae
420 3477 468 3534 per
486 3463 667 3520 instrumenta
678 3466 853 3522 donationum
876 3467 1035 3540 Philippici
1085 3476 1204 3523 strorum
1215 3470 1330 3526 consilio
1347 3474 1509 3530 sententiam
1526 3476 1613 3547 ipsam
1625 3489 1713 3534 ratam
1734 3480 1879 3538 babuimus

244 3549 388 3622 Epiphanii
402 3554 546 3610 ostendere
563 3554 710 3612 nitebatur.
728 3555 829 3614 Verum
854 3573 918 3630 pars
943 3571 1034 3617 restra
1085 3565 1113 3611 et
1126 3571 1213 3628 usque
1225 3561 1259 3616 ad
1274 3561 1492 3620 satisfactionem
1506 3565 1631 3622 idoneam
1639 3572 1820 3640 praecepimus
1829 3572 1879 3628 ob-

244 3643 411 3713 respondens
425 3643 512 3700 dictas
526 3644 619 3703 uineas
632 3646 703 3716 iuris
713 3661 775 3704 csse
793 3651 950 3706 monasterii
962 3649 1034 3707 San·
1085 3653 1200 3718 sernari,
1221 3653 1274 3708 lroc
1288 3654 1321 3709 ad
1333 3655 1468 3712 cautelam
1486 3671 1617 3729 expresso
1628 3662 1700 3730 qrrod
1726 3662 1760 3718 fis
1785 3678 1878 3719 eoram

242 3733 280 3790 ctl
293 3734 392 3800 dlexii,
408 3742 488 3805 prout
500 3749 548 3804 per
568 3737 780 3795 instrumentum
798 3738 952 3798 donationis
963 3740 1035 3797 Euli-
1085 3740 1163 3796 nobis
1174 3756 1228 3796 non
1241 3743 1274 3798 de
1289 3745 1427 3814 primatia,
1441 3747 1531 3804 sedde
1541 3753 1687 3818 sententia,
1700 3753 1805 3808 exstitit
1815 3769 1879 3810 ren·

243 3824 340 3894 miani,
352 3826 428 3896 cujus
440 3827 550 3882 donatio
559 3828 749 3897 praedictorum
761 3829 874 3901 Plrilippi
883 3838 910 3887 et
918 3831 1035 3903 Epipba-
1085 3830 1173 3886 tilata.
1189 3831 1339 3892 Credentes
1358 3837 1442 3908 igitur
1464 3840 1498 3895 ad
1512 3841 1728 3900 satisfactionem
1753 3846 1879 3905 sulficere

242 3914 465 3972 uiidonationem
482 3923 603 3987 tempore
618 3918 696 3992 longo
720 3930 906 3991 praecesserat,
930 3923 1035 3994 liquido
1084 3935 1283 3996 competentem
1297 3945 1348 4001 pro
1359 3931 1489 4002 praedicta
1513 3937 1649 3993 sententia
1675 3940 1822 3996 relaxanda
1846 3952 1878 3999 ut

242 4004 401 4078 apparebat,
417 4005 614 4074 possessiouem
629 4008 739 4080 insuper
760 4010 943 4082 longissimam
966 4013 1033 4071 alle·
1084 4029 1251 4077 memoratus
1264 4023 1489 4095 archiepiscopus
1513 4030 1700 4100 perseipsum
1721 4040 1769 4087 aut
1791 4034 1877 4090 alitum

243 4097 335 4165 gabat,
347 4111 428 4166 qnam
442 4112 492 4168 par
504 4097 683 4156 instrumenta
699 4101 864 4160 locationum
877 4114 905 4162 et
918 4106 1033 4178 privile·
1084 4109 1172 4164 uirum
1185 4111 1313 4169 idoneum
1328 4115 1363 4169 ad
1377 4127 1449 4171 tuam
1468 4119 1581 4176 accedat
1593 4124 1777 4191 presentiam,
1804 4125 1879 4180 rela-

242 4187 286 4259 gia
300 4187 456 4258 pontificum
470 4187 652 4248 Romanorum
673 4203 701 4248 et
720 4204 803 4252 testes
823 4197 953 4268 plurimos
976 4216 1035 4256 ma.
1085 4199 1221 4257 sationem
1235 4202 1355 4273 ejusdem
1369 4209 1517 4264 sententias
1533 4211 1670 4268 humiliter
1683 4217 1827 4283 petiturus,
1849 4226 1878 4273 et

244 4279 488 4350 nifesteprobauit.
514 4281 562 4337 llis
588 4283 670 4354 igitur
695 4286 774 4343 nobis
797 4303 844 4359 per
867 4289 1032 4347 cardinalem
1083 4292 1394 4361 promissurusdrmiter
1407 4299 1459 4354 sub
1476 4305 1631 4369 suarum,si
1646 4319 1761 4362 necesse
1782 4308 1877 4374 fauerit,

245 4371 375 4426 eumdem
392 4371 507 4427 lidcliter
522 4372 673 4444 explicatis,
690 4391 738 4431 nos
755 4377 819 4432 risis
829 4387 857 4433 et
869 4379 967 4436 auditis
990 4379 1033 4437 iu·
1085 4379 1239 4436 testimonio
1253 4381 1404 4439 litterarum
1417 4389 1488 4456 qrrod
1500 4389 1534 4444 ad
1549 4398 1623 4446 tuum
1635 4395 1782 4451 coucilinm
1794 4412 1879 4453 ruca-

242 4462 402 4518 strumentis
420 4476 453 4517 ac
476 4461 692 4519 confessionibus
713 4465 855 4535 utriusque
877 4469 973 4538 partis,
1004 4477 1032 4524 et
1046 4460 1069 4515 D
1085 4473 1258 4539 tusaccedet,
1274 4473 1522 4550 facturusquodde
1536 4482 1598 4554 jure
1611 4484 1874 4555 frueritfnciendum,

241 4552 459 4608 attestationibus
469 4560 497 4607 et
510 4552 716 4625 allegationibus
739 4555 893 4625 intellectis,
917 4558 951 4614 de
972 4558 1030 4614 fra·
1083 4560 1248 4620 fraternitati
1265 4577 1320 4622 tuae
1340 4583 1390 4639 per
1411 4573 1561 4642 apostolica
1589 4579 1691 4650 scripta
1712 4583 1877 4639 mandamus

241 4651 312 4700 trum
328 4651 480 4701 nostrorum
493 4646 782 4704 consiliooeconomum
793 4653 1032 4710 vestrumnaminc
1082 4663 1216 4722 quatenus
1231 4672 1293 4712 curn
1309 4658 1345 4713 ab
1357 4674 1390 4716 eo
1412 4660 1497 4721 fueris
1522 4666 1613 4723 taliter
1632 4671 1791 4740 renuisiuts,
1812 4689 1878 4729 seu-

241 4734 324 4802 ipsins
356 4737 511 4792 monasterii
537 4739 572 4794 ab
599 4738 767 4810 impetitione
796 4741 899 4813 syndici
923 4742 1032 4802 Sancte
1083 4747 1195 4800 tentiam
1211 4747 1297 4818 ipsam
1313 4763 1366 4804 nou
1383 4749 1495 4810 differas
1513 4757 1875 4834 relaxareruttametpce-

241 4823 343 4882 Priscae
365 4841 447 4899 super
465 4828 545 4886 dictis
571 4829 660 4886 rineis
680 4833 879 4906 sententialiter
904 4835 1031 4895 dasianus
1083 4840 1290 4913 naminfligens,
1304 4845 1326 4900 si
1344 4844 1413 4903 lorte
1427 4849 1511 4919 ipsam
1528 4855 1693 4911 sententiam
1705 4873 1760 4926 oon
1779 4874 1876 4915 serua

240 4913 444 4972 absolvendum.
464 4915 534 4974 llulli
545 4933 621 4991 ergo,
636 4930 701 4989 etc..
714 4920 892 4992 diffinitionis,
904 4934 967 4994 eto,
983 4943 1032 4984 aas·
1082 4933 1279 5007 bit,anteqnam
1291 4953 1340 5009 per
1351 4955 1400 4996 uos
1415 4941 1498 5000 fuerit
1516 4945 1689 5004 declaratum
1712 4966 1748 5006 au
1777 4957 1876 5012 eadem

239 5018 288 5073 gne
301 5004 482 5062 incursurum.
672 5083 674 5090 Ι
1081 5035 1153 5081 esset
1164 5029 1300 5083 sententia
1314 5031 1495 5104 observanda,
1509 5053 1570 5092 cum
1585 5040 1636 5096 lroc
1646 5040 1877 5114 apostotieepro-

275 5095 373 5152 ilatum
387 5097 527 5168 Laterani,
547 5100 638 5160 ldibns
654 5102 737 5174 lunii,
748 5107 923 5179 pontificatus
942 5111 1030 5168 nostri
1081 5117 1208 5174 ridentia
1226 5121 1384 5180 duxerimus
1398 5131 1606 5187 reservandum.
1622 5133 1748 5207 alioquin
1759 5151 1876 5194 venera·

239 5200 310 5242 auno
320 5188 425 5245 decimo
437 5192 542 5261 quinto.
1082 5208 1129 5265 bili
1146 5209 1224 5267 fratri
1238 5224 1333 5271 nostro
1351 5215 1502 5279 Turonensi
1515 5225 1875 5300 arclriepisccpoetdilectis

572 5284 690 5344 dxtttx.
1080 5301 1146 5358 filiis
1162 5304 1266 5362 decano
1280 5315 1308 5363 et
1318 5311 1699 5376 subdecanol'ictariensibus
1709 5323 1834 5378 dedimus
1845 5323 1874 5377 in

327 5386 461 5430 utotsrno
473 5389 506 5431 or
522 5393 670 5437 rutrmaos
695 5395 808 5439 storria
834 5401 938 5442 assent.
1079 5395 1215 5454 mandatis
1229 5409 1257 5454 ut
1268 5401 1341 5455 illam
1358 5404 1537 5474 appellatione
1550 5422 1654 5468 remota
1668 5415 1793 5473 relaxent
1806 5415 1871 5471 abs·

307 5463 468 5522 Danielento
482 5485 608 5526 arcannm
623 5473 764 5544 injectione
787 5477 815 5532 in
836 5478 955 5534 clericos.
1080 5500 1133 5557 que
1147 5489 1381 5561 praJndteioJurts
1395 5497 1444 5553 tui.

466 5557 588 5632 (sagara,
605 5565 704 5625 senar.
721 5566 809 5640 tulit.)
1115 5579 1370 5656 neruosusne
1395 5587 1459 5649 tuns
1483 5590 1557 5664 tuttr,
1583 5579 1756 5668 musaeus
1783 5601 1872 5658 nosen

275 5643 315 5703 lia
327 5663 388 5718 quae
400 5665 451 5722 pro
466 5651 625 5713 defensione
641 5659 761 5719 nominis
776 5661 925 5721 Christiani
946 5665 1027 5724 susti·
1077 5681 1148 5726 sono
1158 5669 1263 5731 decimo
1273 5675 1377 5746 narium.

273 5737 331 5811 (aa)
347 5740 413 5799 lide
427 5758 508 5816 supra
525 5747 602 5818 epist.
615 5749 659 5806 ld.
