4109 6325
180 327 249 386 tall

624 320 731 377 Ριιιιιι
750 317 917 375 cethaea.
938 313 1131 404 natuerat.
1153 309 1360 370 inuocauit.

1702 337 1704 342 ’
1737 313 1807 372 tata

177 440 240 512 quis
266 439 337 509 apud
368 436 461 494 sedem
488 435 663 507 apostolicam
693 435 726 490 de
750 440 849 487 raetem
865 431 969 487 litteras
983 437 1006 494 Α
1020 443 1130 498 semper
1142 437 1170 484 et
1183 427 1210 482 in
1223 427 1348 483 omnihus
1362 425 1462 480 inritati
1477 439 1619 497 possumus
1631 425 1696 497 quin
1707 426 1809 498 aliquid

176 539 286 585 nostras
297 527 347 582 nisi
359 542 374 580 a
390 525 470 581 nohis
483 525 526 580 vel
539 525 573 582 de
585 525 710 580 manilius
725 521 831 577 illorum
855 521 965 591 recipiat

176 622 223 692 qni
236 621 269 675 dc
282 620 408 673 mandato
428 629 521 674 nostro
543 627 607 674 snut
621 619 656 673 ad
668 617 734 672 illud
747 615 863 671 ellicinm
882 616 967 684 dopn-

177 712 237 767 tati.
250 711 278 766 Sl
295 725 358 765 vere
374 723 488 780 persona
499 718 580 765 tantae
606 709 776 763 auctoritatis
790 705 968 763 exstiteritut

170 808 272 866 ,deceat
286 818 348 858 eum
370 816 418 871 per
433 804 557 858 nuntium
579 802 685 856 litteras
699 809 808 856 nostras
830 798 964 868 recipere,

177 895 301 950 rrtrntiunr
317 895 351 948 ad
364 894 554 950 cancellariam
577 903 697 948 nostram
720 892 763 947 rel
774 892 807 946 ad
824 906 873 946 nos
891 890 966 959 ipsos

178 989 266 1042 rrrittat
281 986 417 1048 idoneum,
435 1000 576 1055 perquem
591 985 696 1040 litteras
710 984 873 1054 apostolicas
885 980 965 1050 justa

178 1080 291 1133 lormam
305 1077 490 1148 praescriptam
508 1077 629 1147 recipiat.
644 1077 671 1131 Si
688 1077 749 1147 quis
770 1085 860 1129 autem
873 1075 900 1126 in
915 1075 966 1126 lrac

176 1181 254 1240 parte
265 1169 382 1224 mandati
392 1169 476 1224 nostri
490 1178 675 1241 transgressor
687 1168 832 1233 exstiterit,
842 1168 865 1221 si
880 1165 965 1219 laicus

177 1264 270 1330 luerit,
286 1261 557 1317 excommunicationi
573 1261 729 1330 subjaceat,
743 1260 765 1315 si
783 1260 910 1322 clericus,
924 1255 966 1310 oi·

178 1353 230 1408 deii
246 1353 287 1408 sui
310 1361 338 1407 et
359 1350 484 1406 beneficii
505 1352 685 1420 suspensione
698 1349 851 1404 damnetur.
864 1344 965 1400 Verum

176 1447 251 1515 qnia,
267 1445 363 1499 sienta
379 1442 494 1498 laisariis
508 1442 574 1513 ipsis
587 1443 811 1511 accepimns,tanv
822 1440 854 1494 arl
868 1447 964 1508 partes
982 1449 990 1462 ¹

176 1547 281 1592 vestras
293 1551 373 1606 quarn
388 1536 420 1590 ad
437 1543 549 1591 eteteras
564 1537 688 1608 regiones
702 1550 750 1604 per
762 1533 865 1588 litteras
876 1543 965 1586 truns-

176 1626 275 1682 missas
293 1627 327 1680 ab
348 1626 388 1680 eis
411 1640 467 1680 suae
483 1626 637 1694 iniqnitatis
650 1624 755 1679 lalsitas
779 1623 965 1693 multiplieiter

176 1725 218 1772 est
233 1715 342 1783 didusa,
356 1714 519 1770 fraternitati
533 1725 630 1770 vestrae
642 1729 691 1784 per
701 1712 849 1785 apostolica
861 1712 962 1780 scripta

1018 521 1163 592 aliquando
1179 520 1205 574 in
1223 521 1324 574 nostris
1342 519 1470 588 subrepat
1487 520 1613 589 operibus
1625 520 1697 590 quod
1719 521 1808 578 minus

1017 611 1220 680 circumspectae
1236 607 1412 680 pror-luentia
1423 609 1514 663 valcat
1526 609 1665 678 imputari,
1681 611 1751 679 quod
1768 617 1809 664 ta·

1017 716 1079 757 meu
1094 718 1146 755 non
1161 715 1194 755 etr
1211 699 1343 755 industria
1358 698 1398 753 vel
1412 699 1577 755 conscientia
1602 710 1688 767 certa,
1701 701 1749 756 scd
1763 699 1809 755 in-

1018 795 1124 848 terdum
1136 807 1168 848 ert
1184 792 1338 863 ignorantia
1352 791 1393 848 vel
1406 792 1495 864 nimia
1508 793 1686 862 occupatione
1706 792 1810 849 eontin-

1017 887 1066 955 g't.
1081 885 1261 956 significastis
1274 884 1406 954 siquidem
1428 884 1506 938 nohis
1519 899 1568 954 per
1581 885 1687 941 litteras
1701 894 1808 941 vestras

1017 976 1087 1044 qnod
1099 990 1159 1030 eum
1170 975 1292 1045 quadam
1306 973 1382 1028 vohis
1396 971 1613 1030 luissentlitterae
1626 983 1806 1046 praesentatae,

1016 1084 1065 1137 per
1086 1082 1153 1136 quas
1168 1065 1244 1122 vohis
1264 1067 1386 1122 districte
1400 1068 1548 1137 praecipere
1564 1066 1723 1123 videbamur
1737 1075 1766 1121 nt
1780 1065 1807 1122 J.

1015 1156 1050 1210 de
1076 1155 1166 1211 ctrntt.
1194 1155 1325 1211 clericum
1353 1157 1475 1212 ecelesiae
1490 1165 1587 1212 vestrae
1603 1157 1628 1210 iu
1646 1156 1808 1212 carronicnm

1016 1247 1173 1316 reciperetis
1185 1256 1213 1301 et
1225 1247 1350 1313 lrtrtrom,
1364 1262 1415 1302 nee
1428 1247 1545 1316 aliquem
1565 1246 1647 1302 alium
1674 1247 1702 1302 in
1726 1261 1809 1302 cano·

1015 1337 1105 1391 nicnrn
1131 1337 1265 1392 vocaretis
1281 1339 1367 1393 detrec
1383 1339 1447 1408 ipsae
1472 1339 1626 1407 praehendat
1647 1337 1808 1396 heneficium

1014 1433 1136 1502 plenarie
1162 1433 1256 1487 luisset
1272 1434 1405 1502 atleptus,
1425 1446 1519 1485 eurum
1547 1438 1640 1486 tenore
1667 1430 1809 1502 diiigenter

1015 1525 1138 1595 inspecto
1165 1524 1208 1578 vix
1230 1539 1277 1579 eas
1293 1522 1447 1600 credidistis
1468 1522 1501 1577 dc
1525 1530 1617 1578 trustra
1635 1522 1805 1578 certseientia

1014 1615 1201 1687 processisse,
1216 1616 1259 1670 vel
1273 1615 1295 1670 si
1320 1615 1404 1671 etiam
1427 1613 1620 1682 processerint,
1632 1629 1681 1684 per
1698 1612 1808 1668 nimiam

1014 1708 1249 1779 importunitatem
1265 1706 1349 1762 inisse
1360 1708 1495 1762 obtentas.
1510 1707 1646 1762 tlteternm
1670 1721 1731 1760 cum
1747 1721 1809 1761 eas-

176 1807 337 1863 mandamns
349 1814 484 1874 quatenns
497 1803 662 1874 provinciale
672 1803 817 1860 concilium
835 1801 963 1866 evocetis,
982 1795 1003 1850 B
1016 1800 1076 1855 dem
1090 1801 1208 1866 litteras,
1224 1800 1294 1855 sicut
1310 1798 1360 1854 viri
1374 1799 1478 1869 providi
1503 1808 1531 1855 et
1553 1798 1675 1864 disereti,
1689 1799 1723 1853 ad
1747 1814 1808 1864 nos·

177 1898 204 1952 in
218 1910 270 1967 quo
279 1895 435 1951 solemniter
448 1903 475 1949 ct
489 1895 650 1966 regulariter
664 1895 788 1950 statuatis
801 1900 830 1947 ut
844 1907 893 1963 per
904 1891 962 1946 sin·

176 1989 253 2060 gulas
265 1987 408 2059 parochias
419 1985 527 2055 puhliee
540 1995 709 2056 proponatur
732 1983 803 2055 quod
829 1983 852 2038 si
873 1982 963 2052 qnisa

176 2080 239 2134 sede
264 2079 410 2148 apostolica
438 2077 543 2132 litteras
560 2074 715 2147 impetravit
741 2088 856 2145 quarum
885 2083 963 2129 tenor·

176 2171 261 2241 possit
273 2184 333 2225 esse
346 2177 502 2238 suspectus,
527 2177 553 2224 et
571 2169 611 2223 cis
629 2169 668 2222 uti
683 2165 815 2231 voluerit,
830 2172 860 2220 ut
873 2173 962 2220 statn-

177 2273 231 2316 tam
259 2276 366 2330 pmrratn
392 2261 506 2328 evariat,
531 2261 617 2330 primo
642 2259 688 2314 dat
711 2258 819 2314 collatio
845 2256 879 2312 dc
897 2255 963 2310 falsa

176 2353 247 2408 hulla
271 2369 332 2407 cunr
346 2369 427 2418 vera,
447 2363 475 2408 et
497 2353 519 2408 si
545 2368 605 2408 earn
624 2352 758 2407 invenerit
771 2351 890 2405 salsitate
914 2364 963 2404 uo-

176 2447 302 2510 tamlam,
317 2446 444 2516 episcopo
458 2445 628 2510 dioeeesano,
648 2442 755 2505 ahhtrti,
772 2442 814 2497 rel
830 2441 965 2496 archidia-

176 2551 244 2590 cono
269 2535 320 2590 leci
344 2535 453 2591 easdem
476 2535 582 2590 litteras
595 2551 648 2589 uun
661 2533 768 2589 diderat
783 2541 961 2603 pnesctrtare3

164 2627 223 2696 qui
236 2627 349 2682 veritate
363 2635 501 2696 comperta
516 2626 589 2681 illum
603 2627 648 2696 qni
664 2627 732 2681 tales
755 2625 858 2679 litteras
872 2637 965 2693 repor-

179 2719 264 2786 tarit,
277 2720 300 2774 si
313 2719 399 2774 laicus
412 2727 469 2784 est,
485 2717 757 2774 excommunicationi
784 2715 926 2784 etthiiciat,
941 2711 964 2769 si

177 2808 302 2875 clericus,
319 2825 381 2865 eum
395 2813 429 2866 ah
452 2811 540 2865 ollieio
552 2809 736 2880 irenelieioqne
752 2806 909 2877 suspendat.
922 2805 964 2861 dd

177 2898 235 2954 lraee
246 2899 402 2968 adjicientes
415 2901 559 2955 statuimus
573 2909 603 2955 ut
625 2900 779 2970 generalem
804 2913 963 2954 excommn-

177 2990 322 3049 uicationis
335 2990 495 3045 sententiam
509 2989 693 3060 promulgetis,
706 3005 788 3059 quarn
809 3005 858 3061 per
871 2989 965 3060 singu·

175 3080 217 3136 ιιι
231 3082 376 3152 parochias
394 3083 499 3137 faciatis
516 3082 682 3152 ireqrtentius
698 3081 841 3147 innovari,
857 3079 964 3152 quodsi

176 3174 239 3244 qnis
250 3176 331 3231 lalsas
344 3174 447 3230 litteras
459 3190 489 3231 se
503 3178 642 3247 cognoscit
653 3178 763 3244 hahere,
779 3177 849 3232 iutra
861 3192 895 3231 xv
907 3176 966 3231 dics

176 3264 281 3321 litteras
296 3265 355 3321 illas
369 3276 415 3321 aut
428 3267 546 3323 destruat
560 3277 606 3324 ant
621 3270 749 3337 resignet,
761 3269 784 3324 si
798 3285 906 3339 poenam
919 3282 966 3323 vo-

178 3355 257 3412 luerit
270 3359 557 3414 excotnmunieatienis
578 3360 822 3431 eradere,quam,
840 3362 890 3416 nisi
911 3359 967 3415 lor-

177 3463 226 3503 sau
239 3450 265 3502 in
278 3451 375 3506 mortis
389 3451 512 3517 articulo,
528 3454 588 3507 sine
601 3452 712 3523 speciali
733 3453 860 3508 mandato
873 3459 967 3507 nostro

178 3554 367 3609 aqrrocunque
388 3539 513 3595 uolumus
526 3541 660 3607 relaxari3
683 3555 733 3596 nec
747 3541 840 3605 etiam,
857 3541 880 3597 si
898 3556 967 3611 prse-

179 3642 285 3703 snmpta
308 3631 391 3687 luerit
415 3644 509 3689 currtra
526 3634 578 3689 hoc
591 3633 735 3700 absolutio,
758 3634 904 3704 quidquam
919 3634 968 3689 ira·

179 3722 241 3776 hem
257 3724 404 3789 inusitatis,
422 3740 455 3779 ne
468 3725 538 3779 lorte
554 3732 613 3793 post
627 3733 747 3793 tempora
760 3737 852 3780 trustra
865 3724 967 3780 lnlsitns

178 3818 286 3874 iuterim
301 3818 435 3873 occultata
462 3820 589 3889 cuiquam
615 3819 702 3873 valeat
718 3818 902 3890 prtcjudieium
921 3836 968 3890 ge·

179 3925 285 3965 rterare.
301 3910 434 3966 Ceterum
457 3911 490 3965 ad
506 3910 635 3980 ruaJnrcrn
653 3908 725 3964 illius
744 3910 868 3980 notitiam
891 3911 967 3966 laisi-

181 4006 243 4059 tatis
258 4002 419 4067 trahendam,
435 4012 463 4056 ut
478 4002 535 4056 lltrri
553 4004 636 4072 possit
649 4002 726 4058 bullae
742 4002 816 4057 luisse
830 4018 891 4057 curu
904 4017 967 4057 vera

180 4094 286 4151 collatio
295 4092 472 4164 praesentibus
483 4093 581 4150 litteris
592 4110 673 4149 utram
685 4096 719 4151 ιιι
730 4094 892 4149 hullislalsis
907 4109 968 4149 eum

180 4202 243 4242 vcra
259 4187 329 4241 hulla
343 4188 469 4242 duriruns
490 4188 692 4257 apponendum,
709 4187 858 4242 districtius
880 4184 970 4254 injun-

181 4288 276 4349 gentes
301 4289 329 4331 ut
353 4292 529 4348 quascunque
554 4279 658 4335 litteras
684 4278 844 4335 inveneritis
861 4276 968 4333 lracrel

182 4370 236 4426 alia
251 4370 370 4423 salsitate
385 4371 526 4436 notandas,
543 4371 565 4424 si
581 4370 647 4440 quid
661 4380 751 4426 aetum
774 4369 917 4425 occasione
938 4367 970 4422 il·

1015 1902 1086 1947 tram
1108 1892 1282 1948 remisissetis
1304 1893 1475 1963 presentiam
1487 1932 1494 1957 ,
1508 1899 1539 1946 ut
1551 1905 1584 1946 ex
1599 1905 1693 1946 etrum
1718 1891 1811 1960 inspe-

1014 1987 1107 2041 ctione
1118 1984 1223 2054 plenins
1236 2001 1410 2042 nosceremus
1419 1995 1509 2041 utrum
1519 2000 1552 2040 ex
1564 1992 1657 2039 nostra
1669 1983 1810 2040 corrseien-

1015 2079 1050 2132 tia
1062 2077 1268 2146 processissent,
1286 2076 1346 2147 plus
1359 2076 1387 2132 in
1402 2078 1441 2132 eis
1458 2077 1609 2132 invenimus
1621 2090 1701 2145 quarn
1715 2085 1805 2132 vestra

1014 2167 1112 2223 luisset
1126 2168 1206 2225 ineis
1224 2169 1354 2225 discretio
1367 2169 1515 2240 suspicata.
1533 2166 1599 2222 Nam
1618 2166 1681 2223 licet
1699 2168 1725 2222 iu
1739 2165 1809 2239 stylo

1014 2259 1169 2317 dictaminis
1181 2269 1208 2316 et
1220 2260 1306 2316 lorma
1332 2262 1473 2332 scripturae
1495 2259 1690 2332 aliquantulum
1718 2273 1809 2329 coepe·

1015 2351 1101 2407 rimus
1123 2350 1266 2416 dubitare,
1293 2350 1394 2408 bullam
1416 2361 1508 2408 tamen
1530 2365 1622 2406 veram
1643 2351 1807 2415 invenimus,

1015 2444 1087 2513 quod
1103 2443 1219 2514 primum
1239 2459 1288 2501 nos
1300 2443 1325 2498 in
1339 2443 1528 2499 vehementem
1549 2442 1754 2498 admirationem
1768 2442 1810 2496 iu·

1015 2536 1101 2601 duxit,
1118 2551 1179 2591 curn
1192 2535 1298 2590 litteras
1326 2537 1398 2606 ipsas
1423 2537 1560 2592 sciremus
1586 2536 1620 2590 de
1642 2535 1808 2590 conscientia

1015 2636 1109 2682 nostra
1125 2627 1278 2684 nullatenus
1293 2643 1445 2684 emanasse.
1457 2626 1563 2682 Bullam
1579 2626 1660 2696 igitur
1671 2626 1733 2680 lrinc
1745 2626 1808 2680 iude

1014 2719 1169 2792 diligentins
1185 2725 1330 2788 intuentes,
1351 2721 1522 2792 insuperiori
1534 2730 1622 2790 parte,
1634 2736 1686 2789 qua
1703 2720 1747 2774 lilo
1761 2719 1810 2772 ad-

1015 2811 1111 2876 haeret,
1126 2828 1187 2867 eam
1201 2813 1397 2884 aliquantulum
1424 2821 1571 2866 tumentem
1596 2811 1764 2875 iuveuimus;
1780 2819 1809 2866 et

1019 2918 1080 2958 cnm
1097 2903 1172 2958 dlnrn
1192 2920 1227 2960 ex
1247 2916 1323 2977 parte
1336 2904 1450 2959 tumenti
1471 2902 1531 2958 sine
1549 2901 1674 2958 violentia
1690 2900 1810 2972 qualihet

1016 2997 1118 3051 attrahi
1132 2995 1301 3060 fecissemus,
1316 2996 1388 3051 hulla
1411 2997 1438 3051 in
1461 2996 1506 3050 filo
1520 2994 1606 3050 altero
1630 3001 1807 3058 rerumrente,

1019 3087 1093 3142 illurn
1108 3103 1141 3142 ιι
1157 3098 1236 3159 parte
1251 3087 1295 3142 illa
1308 3086 1360 3142 luit
1370 3088 1404 3143 ab
1416 3087 1474 3157 ipsu
1487 3087 1547 3142 sine
1560 3084 1680 3158 qualibet
1691 3083 1808 3141 diilienl·

1019 3187 1075 3234 tate
1088 3179 1228 3245 arrrlsum;
1247 3180 1273 3234 in
1289 3178 1367 3249 euius
1382 3178 1542 3233 summitate
1565 3178 1654 3233 adhue
1667 3178 1749 3233 ctiam
1765 3178 1808 3233 iu·

1016 3270 1127 3327 cisionis
1139 3270 1268 3326 indicium
1281 3271 1440 3341 apparebat,
1453 3284 1502 3339 pcr
1513 3270 1583 3339 quod
1597 3268 1700 3339 liquido
1712 3270 1809 3340 depre-

1017 3364 1161 3419 ltendimus
1179 3362 1279 3419 hullam
1303 3363 1389 3433 ipsam
1409 3376 1442 3417 ex
1457 3361 1517 3416 aliis
1532 3360 1630 3415 litteris
1656 3370 1806 3415 extractam

1017 3455 1101 3511 luisse
1116 3470 1148 3510 ac
1170 3454 1223 3510 illis
1236 3470 1284 3524 per
1299 3453 1395 3509 vitium
1423 3452 1550 3507 salsitatis
1574 3452 1714 3506 inscrtum.
1740 3449 1807 3505 Cum

1017 3559 1082 3615 ergo
1094 3552 1184 3600 tantus
1197 3559 1326 3600 excessus
1340 3543 1456 3614 relinqui
1475 3559 1528 3599 uon
1541 3542 1637 3595 delreat
1650 3540 1809 3609 impunitus,

1017 3637 1178 3692 rrrarnlamus
1200 3644 1334 3707 quatenns
1353 3634 1456 3689 dietum
1479 3633 1504 3689 ι.
1535 3632 1587 3687 uisi
1604 3630 1673 3687 inira
1695 3646 1731 3685 ιι
1752 3629 1811 3685 dies

1018 3738 1079 3801 post
1103 3732 1201 3785 lrarmu
1228 3728 1425 3803 susceptionem
1449 3742 1464 3783 a
1487 3725 1563 3782 vohis
1581 3720 1811 3788 corrrrrrortitttsad

1019 3821 1190 3892 praesentiam
1224 3830 1343 3876 nostram
1372 3834 1434 3875 eunt
1465 3816 1623 3875 testimonie
1655 3816 1809 3870 litterarum

1019 3923 1172 3969 vestrarum
1188 3910 1377 3967 satisfacturus
1391 3910 1558 3977 accesserit,
1573 3918 1673 3965 estune
1688 3908 1722 3962 alr
1735 3908 1810 3963 ontni

1018 4006 1204 4061 ecclesiastico
1228 4004 1361 4060 henelrcio
1385 4011 1413 4059 et
1434 4003 1554 4059 clericali
1570 4000 1679 4067 oliveio,
1703 4001 1811 4056 sublato

1018 4098 1163 4168 errjrrslibet
1174 4094 1400 4151 contradictionis
1412 4105 1440 4151 et
1454 4094 1642 4165 appellationis
1658 4092 1811 4154 ohstaeulo,

1018 4187 1206 4258 suspendatis;
1231 4186 1274 4241 vel
1298 4187 1320 4242 si
1347 4185 1478 4242 bertelieie
1504 4196 1598 4253 caret,
1627 4182 1809 4239 anathematis

1019 4292 1081 4332 eum
1096 4277 1203 4333 vinculo
1228 4276 1381 4341 innodetis;
1398 4291 1459 4331 cum
1480 4276 1513 4329 ab
1528 4275 1579 4330 hac
1599 4276 1676 4345 culpa
1702 4290 1755 4329 nou
1778 4275 1812 4327 tle

1020 4368 1092 4423 laelii
1107 4369 1143 4423 sit
1157 4368 1309 4422 credentias
1330 4366 1476 4429 immunis,
1492 4380 1553 4420 enm
1579 4378 1628 4419 nce
1649 4378 1697 4433 per
1716 4362 1813 4418 iratres

182 4462 282 4525 ιιιιιιιι,
293 4460 471 4530 appellatione
484 4461 635 4529 postposita
649 4461 772 4524 irritetis,
787 4460 824 4515 ita
835 4460 907 4530 quod
920 4461 971 4515 hu-
985 4472 1009 4529 1)
1024 4476 1073 4515 nec
1085 4474 1134 4529 per
1148 4458 1365 4527 consanguineos
1376 4466 1484 4511 nestros
1498 4471 1557 4517 nos,
1575 4455 1638 4509 lieet
1653 4456 1752 4523 saeptus
1768 4469 1812 4507 ro·

181 4551 298 4626 jusmodi
314 4552 416 4605 falsitas
431 4551 502 4605 nanto
517 4551 646 4620 temperis
668 4552 756 4621 spatio
779 4550 867 4605 valeat
885 4564 970 4605 excu-

182 4644 250 4706 sart,
265 4651 292 4698 et
307 4642 452 4712 portitores
475 4654 569 4695 earum
595 4642 686 4696 tandiu
703 4641 809 4696 laciatis
824 4642 874 4696 suh
896 4650 971 4697 areta

185 4734 306 4790 custodia
322 4731 436 4787 detineri
451 4732 537 4787 donec
552 4732 708 4801 receperitis
718 4746 800 4801 super
811 4732 861 4789 ltoc
872 4740 973 4788 nostras

185 4822 383 4894 herreplaeituru
397 4822 555 4878 voluntatis.
806 4829 808 4832 ’

211 4940 273 4981 ipsu
289 4938 484 4980 tncnrnrneono
495 4937 530 4979 ιτ
544 4938 681 4980 ιιιοιιιιι
696 4936 948 4978 ιιιιιιιιιιιιιιι.

223 5018 279 5089 (ιι)
298 5017 374 5073 Licet
386 5019 420 5072 ad
431 5016 551 5087 reginren
563 5015 715 5084 apostoticae
727 5015 810 5081 sedis,
822 5028 882 5084 qnae
892 5013 975 5069 dante

187 5110 302 5166 hermino
316 5110 503 5165 nnirersarum
517 5108 700 5164 Ecclesiartnn
714 5117 802 5162 mater
819 5117 861 5164 cst
875 5116 902 5162 et
916 5121 975 5162 ma·

187 5205 282 5274 gistra,
294 5203 488 5260 insufficientes
509 5217 557 5259 nos
578 5202 632 5257 vita
644 5210 671 5257 et
682 5202 796 5257 scientia
807 5208 974 5269 reputemus,

188 5304 318 5366 quantum
349 5302 440 5351 tamen
468 5296 596 5353 hominus
621 5296 700 5353 nohis
729 5312 777 5353 sua
800 5294 975 5352 miseratione

190 5390 366 5455 concesserit,
386 5390 420 5443 alr
432 5389 474 5444 lris
488 5390 677 5460 proposuimus
696 5390 832 5447 abstinere
850 5404 899 5458 per
916 5401 977 5457 quat

190 5482 269 5538 nohis
283 5482 368 5552 possit
382 5481 479 5535 merito
496 5481 634 5553 derogari;
648 5496 803 5552 quiunquam
817 5495 852 5536 ex
864 5478 977 5535 inlirrui·

192 5574 255 5630 tatis
269 5574 394 5629 lrumanae
419 5572 524 5629 delectu
538 5591 590 5632 non
605 5576 645 5632 sic
661 5574 777 5632 torturam
803 5573 977 5645 perfeetionis

226 5737 282 5808 (tt)
302 5736 360 5793 hih.
377 5754 397 5804 ι,
411 5738 490 5809 epist.
505 5738 565 5797 ιιι.

1023 4564 1111 4626 gatos,
1125 4552 1257 4623 potuisset
1269 4552 1397 4606 inducero
1412 4559 1441 4606 ut
1456 4564 1538 4617 super
1552 4549 1603 4603 hoc
1620 4554 1727 4601 nostras
1738 4546 1814 4601 vohis

1023 4645 1128 4701 litteras
1143 4644 1323 4699 mitteremus.
1346 4642 1386 4696 Ex
1401 4656 1454 4710 quo
1468 4640 1588 4696 lrnudem
1606 4638 1746 4700 auctoris,
1762 4635 1813 4690 etsi

1023 4736 1180 4809 principalis
1206 4733 1334 4790 falsarius
1357 4733 1414 4802 ipse
1436 4746 1489 4785 nou
1517 4730 1625 4793 luerit,
1652 4726 1816 4781 sufficienter

1025 4842 1175 4899 agnoscere
1186 4824 1320 4897 potuisset
1331 4822 1482 4894 prasertim
1493 4835 1554 4876 cum
1567 4834 1599 4875 eo
1614 4828 1734 4888 tempure
1747 4830 1815 4885 prte-

1026 4935 1090 4977 sens
1105 4919 1188 4974 inisse
1200 4918 1307 4974 dicatur
1320 4922 1477 4984 quocontra
1494 4911 1619 4967 falsarios
1633 4910 1739 4981 puhliee
1751 4922 1815 4961 con-

1024 5009 1174 5073 stituimus,
1190 5007 1260 5061 inter
1274 5013 1382 5070 eaetera,
1398 5006 1447 5060 snh
1461 5018 1540 5074 poena
1554 5000 1816 5059 excommunicatio-

1028 5102 1072 5156 nis
1088 5099 1202 5154 urnrtrer
1226 5096 1381 5153 iultiltcutes
1404 5110 1438 5151 ne
1462 5098 1523 5166 quis
1536 5094 1640 5149 litteras
1654 5093 1816 5164 apostolicas

1027 5191 1081 5249 uisi
1096 5191 1130 5247 de
1149 5204 1230 5246 manu
1246 5198 1338 5243 nostra
1353 5188 1396 5245 vel
1412 5188 1553 5245 hullatoris
1566 5186 1651 5241 uostri
1668 5185 1815 5253 reciperet,

1028 5290 1081 5347 illis
1096 5287 1228 5345 duntaxat
1247 5288 1367 5362 exeeptis
1383 5286 1480 5357 quihus
1498 5294 1608 5356 propter
1630 5278 1816 5337 exceltentiam

1028 5386 1168 5457 diguitatis
1186 5384 1351 5442 indulsimus
1366 5393 1394 5440 ιιι
1409 5398 1458 5454 per
1472 5382 1580 5435 nuntios
1593 5378 1685 5433 lideles
1699 5384 1726 5429 et
1742 5382 1819 5427 nutes

1030 5478 1055 5532 id
1070 5478 1156 5549 ipsum
1172 5487 1281 5548 possent
1297 5476 1415 5534 elireere.
1436 5476 1471 5532 Ut
1483 5484 1573 5529 antem
1599 5471 1745 5526 varietates
1769 5465 1820 5520 lru·

1026 5568 1147 5639 jrrsrrrodi
1169 5570 1311 5639 salsitatis,
1330 5584 1397 5639 quas
1422 5568 1553 5623 haetenus
1574 5557 1818 5634 deprehendimus,
