4109 6325
274 284 312 341 tii
576 288 580 294 '
735 274 930 335 thOCENTll
949 274 981 331 lll
1002 274 1055 331 PP.
1076 274 1310 333 neeestotttitt
1330 275 1394 331 istit.
1412 275 1468 333 itti.
1878 285 1912 342 {g

268 413 331 471 apua
348 410 462 469 persona
487 412 535 471 pro
551 397 622 453 dicta
636 403 708 450 terra
723 392 837 463 praetacto
853 392 946 447 rnmiti
962 406 1072 449 morere
1086 392 1108 449 h
1123 389 1245 446 lacerant
1257 392 1429 456 consecrari,
1445 391 1508 447 licet
1527 383 1597 449 idem
1612 390 1648 448 ob
1670 395 1849 452 rerercntiam
1869 415 1914 455 sa-

276 491 393 550 roluerit
405 493 592 563 ornastionem,
609 489 666 557 ipse
681 492 903 542 comesioneatur
916 488 940 542 ci
952 488 978 542 in
992 487 1067 542 curia
1119 486 1251 541 crementi
1270 486 1430 542 remanserit
1440 494 1642 554 consecratum,
1653 486 1769 545 officium
1780 493 1912 550 celebrari

273 584 406 640 licrlesiac
426 578 677 649 Rorrrauacjmtitiae
698 576 896 647 plenitudinem
926 579 1066 635 exlribere.
1121 575 1242 631 divinum
1255 578 1288 632 de
1308 586 1407 634 cetero
1418 591 1472 633 non
1487 576 1596 635 debere.
1610 577 1743 646 Quocirca
1754 583 1914 643 discretioni

276 678 411 733 Caeterum
427 677 460 732 de
474 684 564 731 castro
579 672 665 729 Vallis
688 671 836 741 blontonis,
856 673 890 729 de
914 674 1019 741 Sareo,
1033 674 1069 729 de
1118 676 1215 723 ieslrae
1228 666 1432 739 pertposlolica
1445 668 1547 736 scripio
1558 670 1740 740 precipiendo
1751 678 1913 733 attendamus

277 769 471 833 plumbinaria,
485 767 587 838 latravit
598 763 690 821 iatcere
704 780 831 836 guerram
843 774 872 823 et
882 780 976 835 pacem
1002 780 1068 821 cun·
1119 768 1254 830 quatcnus
1267 758 1394 830 lliinstilis
1408 760 1569 826 ⁸0¹¹¹0¹¹¹l³⁵i
1582 763 1833 834 iiidesslel'usililas
1849 784 1914 837 biss-

274 869 317 913 tra
329 874 422 914 omncs
437 857 559 913 liuniines
570 858 603 911 ad
629 856 787 914 ritaridatum
803 872 908 924 eorum,
923 866 950 914 et
966 858 1000 913 ad
1016 858 1069 914 hoc
1119 850 1253 921 mulgatas
1280 849 1387 905 faciatis
1408 865 1459 920 bet·
1477 864 1621 909 censuram
1635 857 1851 915 ecclesiasticam
1865 876 1912 917 sn-

277 951 739 1009 harcdesetsuccessoressuosia
754 949 1067 1021 perpetuumobligarit.
1118 942 1193 997 blata
1223 941 1410 1012 appellationis
1435 944 1579 1001 obstaculo
1613 946 1730 1007 tirmiter
1758 952 1911 1011 observari.

276 1044 314 1097 be
329 1043 457 1097 comitatu
484 1058 552 1099 roro
573 1042 679 1101 Sorano
704 1043 808 1115 jurarit
834 1042 962 1097 similiter
977 1040 1068 1097 lacere
1119 1035 1205 1093 Nullis
1216 1038 1314 1095 litteris
1330 1039 1436 1094 veritati
1453 1079 1461 1107 ,
1485 1052 1538 1099 ete.
1553 1042 1630 1111 Quod
1651 1043 1673 1098 si
1690 1058 1744 1099 aon
1764 1059 1860 1102 omnes
1880 1046 1912 1101 iis

268 1150 398 1205 guerram
419 1143 445 1191 et
460 1150 553 1205 pacem
578 1136 612 1191 ud
637 1136 796 1191 mandatnm
826 1134 962 1203 ipsorum.
984 1131 1067 1187 Salra
1118 1129 1317 1198 exsequendis,
1331 1139 1397 1196 etc..
1419 1138 1447 1187 tu
1461 1147 1503 1200 aa,
1521 1132 1606 1189 irater
1627 1134 1912 1207 archiepiscopamus

274 1226 404 1281 lidclitate
423 1238 452 1284 et
465 1227 539 1285 salvo
561 1227 691 1282 mandato
718 1226 791 1295 regis
819 1224 929 1281 Sicilia.
945 1223 979 1278 Et
994 1223 1067 1279 idem
1118 1238 1212 1279 eorrrm
1224 1223 1320 1289 altero,
1337 1232 1390 1281 etc.

274 1317 400 1374 dontinus
417 1332 483 1388 papa
496 1317 633 1373 investivit
646 1316 749 1372 dictum
763 1316 889 1371 comitem
907 1328 955 1384 per
968 1329 1066 1385 cupam
1154 1313 1252 1369 Datum
1264 1314 1390 1371 Laterani
1402 1331 1423 1370 ιι
1440 1315 1502 1375 llal.
1522 1316 1629 1385 llartii,
1652 1334 1723 1376 anno
1738 1315 1909 1382 duodecimo.

234 1417 242 1475 j
274 1418 428 1478 argenteam
452 1409 622 1474 ileauratam,
648 1408 830 1485 praesentibus
846 1415 873 1463 et
891 1406 1066 1462 eonsentien·
1487 1408 1543 1466 vit.

235 1488 246 1569 ζ
269 1502 346 1557 tibus
361 1510 387 1557 et
401 1501 615 1572 approbantibus
630 1500 759 1557 omnibus
776 1500 943 1570 proscriptis
961 1496 1067 1567 cpisco·
1349 1512 1525 1555 renatarsasr
1539 1516 1676 1559 srrscoro.

228 1588 231 1595 ’
264 1595 324 1665 pis,
337 1594 514 1667 presbyteris,
540 1594 698 1651 diaconibus
722 1592 918 1659 cardinalibus,
933 1600 962 1647 et
977 1590 1066 1659 injnn·
1295 1584 1441 1655 Respondet
1464 1589 1500 1643 ad
1521 1589 1579 1658 ejus
1599 1589 1732 1647 carnalia.

265 1685 398 1755 gentibus
411 1684 477 1739 nrilri
493 1684 636 1741 scriniario
648 1691 677 1739 ut
698 1683 854 1753 huiusmodi
878 1681 1065 1753 juramentum
1319 1676 1457 1748 (Laterani
1468 1696 1498 1735 ιιι
1513 1678 1583 1738 Νοιι.
1597 1681 1712 1755 llartii.)

273 1776 388 1846 priblicis
403 1775 500 1831 litteris
513 1790 666 1833 exararem.
679 1774 712 1830 lli
730 1773 913 1831 interiuerunt
926 1774 953 1829 in
965 1750 1105 1845 ιιιιιιιῑσΒ
1155 1768 1195 1837 (2)
1211 1767 1239 1823 lu
1256 1754 1373 1839 eliadam
1389 1782 1480 1828 nostra
1494 1774 1608 1841 epistota
1624 1775 1752 1832 decretali
1768 1780 1870 1835 asseris
1884 1788 1911 1836 to

272 1868 509 1926 Ferentinicoram
525 1868 633 1925 domino
642 1882 719 1938 papa,
731 1868 876 1939 episeopis,
889 1866 1065 1938 presbyteris,
1119 1859 1216 1929 legisse
1226 1860 1290 1916 illud
1305 1876 1367 1918 esse
1380 1862 1514 1918 nefarium
1525 1865 1630 1934 opinari
1648 1869 1720 1938 quod
1738 1869 1849 1939 qrridam
1869 1873 1912 1926 di-

273 1957 633 2017 diaconibuscardinalihus.
643 1955 934 2019 DominusLotberius,
943 1954 1067 2011 dominus
1117 1967 1179 2009 ecre
1190 1962 1430 2024 praesumpserunt,
1442 1956 1468 2010 in
1483 1968 1655 2013 sacramento
1669 1960 1794 2018 uidelicet
1807 1964 1911 2020 eucha-

274 2046 885 2120 StephanusTheobaldi,dominusRomanus
898 2044 1067 2101 dedomiuus
1117 2046 1202 2101 ristiae
1226 2060 1326 2116 aqiram
1346 2043 1373 2098 in
1398 2044 1495 2118 flegma
1525 2050 1659 2109 conuerti.
1681 2050 1749 2109 Nam
1769 2053 1804 2111 de
1825 2054 1911 2113 latere

268 2140 361 2197 datto
372 2142 405 2197 de
416 2140 491 2197 Colle
502 2140 535 2195 do
543 2138 642 2206 liedio,
652 2138 805 2203 Sesoncha,
813 2137 919 2193 nobiles
930 2137 1003 2192 cires
1012 2136 1066 2191 ilo·
1117 2135 1233 2203 christi,
1246 2152 1300 2193 non
1313 2152 1423 2208 aquam,
1438 2139 1485 2195 sed
1501 2140 1644 2197 humorem
1658 2146 1812 2215 aquaticum
1828 2163 1909 2203 nea·

273 2234 363 2298 mani3
373 2228 830 2299 dominusLandodcllonteloago,
840 2227 1066 2283 dominusLando
1118 2227 1223 2283 tiuntur
1235 2229 1335 2287 exisse.
1353 2229 1431 2285 Licet
1446 2239 1538 2287 autem
1549 2231 1602 2289 hoc
1616 2248 1729 2305 magnos
1745 2246 1774 2292 et
1790 2240 1906 2294 anthen-

273 2326 439 2383 ‹tedollede
453 2321 723 2392 hierlio,llenedictus
738 2322 893 2388 richrersa,
912 2329 939 2378 et
955 2319 1011 2375 alii.
1032 2318 1066 2377 lit
1117 2317 1185 2381 ticos
1211 2317 1284 2375 riros
1306 2319 1426 2376 sensisse
1452 2334 1611 2389 recenseas,
1625 2337 1740 2393 quorum
1750 2326 1907 2397 opinionem

271 2434 323 2491 ego
333 2417 453 2477 loannes
467 2418 499 2473 de
509 2418 608 2471 Sancto
617 2413 763 2471 Laurentio
773 2410 884 2471 SILS.
893 2414 1063 2483 scriniarius,
1116 2413 1235 2471 dictitet
1252 2412 1362 2485 scriptis
1373 2412 1505 2473 hactenus
1517 2423 1685 2484 essecutus,
1697 2430 1732 2471 er
1746 2432 1800 2487 otro
1814 2425 1906 2491 tamen

269 2508 342 2563 sirut
353 2507 419 2569 iridi,
430 2505 521 2561 audiri
535 2514 562 2561 et
581 2504 703 2569 interlui,
716 2505 823 2575 scripsi,
834 2504 965 2575 eorapleri
978 2513 1006 2561 ct
1017 2506 1065 2560 ah·
1116 2504 1143 2561 in
1154 2505 1388 2575 contrariumaos
1397 2507 1540 2574 sentimus,
1552 2518 1650 2564 nostre
1661 2508 1833 2578 compelleris
1843 2525 1906 2564 scn-

271 2598 371 2655 solvi.»
385 2596 646 2669 Nulliergoomnino
661 2596 799 2652 hominum
817 2594 897 2652 liccat
909 2596 979 2653 banc
989 2596 1064 2667 pagi·
1115 2597 1208 2654 tentiae
1224 2598 1390 2657 consentire.
1414 2599 1468 2655 Sed
1486 2600 1598 2657 uerbum
1617 2599 1731 2657 loannis
1750 2602 1863 2671 apostoli
1880 2613 1907 2657 to

271 2706 334 2747 uam
347 2689 678 2757 nostrmconllrmationis,
691 2687 1064 2755 constitutionis,concessio·
1114 2690 1230 2745 multum
1251 2702 1362 2745 morere
1382 2688 1478 2748 lateris
1491 2692 1607 2748 dicentis
1623 2708 1630 2746 :
1649 2691 1711 2747 Tres
1726 2701 1787 2747 suat
1809 2693 1854 2763 aad
1868 2703 1905 2747 rr-

268 2784 326 2847 nis,
340 2791 369 2838 ct
384 2782 551 2838 inhibitionis
567 2782 723 2852 iufringere,
735 2781 777 2837 rel
795 2782 819 2836 ei
833 2795 899 2835 ausu
915 2780 1062 2837 temerario
1113 2780 1264 2835 stimonium
1277 2780 1341 2834 duat
1358 2780 1386 2833 in
1400 2788 1489 2847 terra,
1506 2780 1635 2850 spiritus',
1649 2797 1719 2852 apua
1734 2785 1765 2854 etj
1779 2784 1904 2852 saepias,

271 2876 418 2932 contraire.
428 2874 456 2931 Si
471 2872 691 2945 quisautemhoc
703 2879 837 2929 attentare
848 2872 1061 2943 presumpserit,
1115 2880 1140 2926 et
1155 2871 1184 2925 hi
1198 2880 1250 2926 tres
1261 2888 1343 2925 asaiam
1355 2880 1416 2926 sant
1428 2870 1458 2942 (l
1474 2870 1556 2927 donn.
1569 2873 1606 2941 ιι).
1624 2873 1754 2941 eramris
1776 2876 1827 2930 hoc
1841 2876 1905 2929 ulti-

269 2965 686 3039 indignationemomnipotentis
699 2964 746 3020 bei
774 2972 802 3019 et
825 2962 966 3019 beatorum
985 2961 1061 3019 Petri
1113 2978 1187 3019 mum
1203 2963 1231 3021 in
1244 2963 1378 3033 plerisque
1392 2962 1532 3019 codicibus
1544 2965 1656 3022 minime
1666 2966 1814 3034 habeatur,
1828 2968 1903 3038 qnod

261 3067 297 3115 -ct
312 3058 388 3115 Pauli
401 3058 586 3129 apostolorum
602 3057 660 3128 ejus
675 3070 706 3113 se
719 3052 826 3111 noverit
839 3052 1022 3109 incursurum.
1076 3054 1182 3148 cdicis
1205 3054 1241 3111 ab
1265 3054 1392 3111 omuibus
1413 3056 1454 3111 sic
1479 3056 1588 3127 exponi,
1613 3057 1672 3115 illos
1697 3060 1823 3119 videlicet
1844 3074 1905 3117 esse

304 3151 402 3206 batum
416 3149 542 3206 Laterani
556 3165 581 3204 ιι
596 3146 657 3208 llal.
671 3143 770 3212 ldartil,
790 3142 1062 3216 parisiacensium
1114 3160 1209 3214 unum,
1221 3144 1248 3203 id
1260 3154 1319 3210 est,
1331 3145 1364 3201 de
1376 3160 1428 3201 uua
1443 3153 1471 3202 et
1482 3147 1577 3203 eadem
1591 3165 1631 3218 re,
1645 3149 1749 3207 scilicet
1765 3151 1799 3209 de
1812 3152 1907 3208 huma·

265 3257 341 3299 anno
354 3242 523 3299 duodecimo.
1114 3239 1198 3294 nitate
1210 3237 1323 3304 Christi,
1341 3238 1445 3295 testari.
1467 3239 1553 3297 i‘orro
1572 3241 1595 3296 si
1611 3257 1676 3298 rera
1690 3242 1741 3298 luit
1758 3259 1828 3316 aqrra
1844 3260 1905 3316 puae

635 3331 679 3390 vt,
802 3385 804 3390 ,
1113 3329 1192 3385 duait
1203 3331 1237 3386 de
1248 3329 1333 3386 latere
1350 3329 1453 3389 Christi
1470 3342 1519 3399 ,et
1530 3332 1702 3388 nonbumani
1715 3336 1903 3405 corporisliu·

264 3443 483 3497 ancurrrrsooro,
496 3441 530 3484 er
545 3441 640 3482 auram
655 3439 750 3482 sineri
763 3437 904 3490 susanam,
920 3437 956 3478 rr
972 3435 1063 3476 rarum
1113 3435 1185 3489 mor,
1202 3421 1320 3493 qualiter
1337 3436 1386 3493 per
1398 3423 1472 3478 iliam
1487 3423 1616 3496 probetur
1630 3427 1702 3494 qrrod
1720 3425 1845 3482 Christus
1867 3429 1906 3484 sit

453 3529 547 3570 sarem
566 3527 699 3569 rusorum
721 3525 872 3569 inaurasse.
1113 3514 1194 3571 homo
1218 3514 1269 3587 (d),
1285 3531 1339 3572 noa
1363 3515 1449 3574 rides.
1473 3516 1571 3574 Glossa
1590 3533 1707 3588 namque
1731 3534 1813 3590 super
1827 3521 1904 3578 illum

218 3621 221 3629 ’
299 3607 437 3664 scribitur
457 3608 493 3662 eis
510 3623 558 3677 pro
572 3605 682 3662 ecclesio
697 3604 727 3660 S.
742 3603 838 3659 llarirc
851 3603 883 3658 rie
895 3601 1020 3658 Castalio.
1114 3605 1203 3663 locutu
1228 3605 1269 3662 sic
1295 3605 1397 3662 hahet:
1410 3605 1537 3677 Spiritus,
1558 3610 1587 3664 id
1607 3619 1656 3676 est,
1671 3613 1787 3666 buaroun
1801 3613 1903 3678 arriana,

474 3698 612 3772 <lialerani
627 3714 646 3753 rr
660 3695 720 3755 llal.
733 3693 846 3766 Martii.)
1111 3714 1191 3782 pentat
1203 3699 1289 3756 emisit
1303 3700 1332 3754 in
1347 3701 1481 3768 passione,
1501 3717 1570 3771 epau
1580 3712 1605 3756 et
1618 3703 1727 3774 scriptiis
1743 3719 1803 3772 paru
1819 3705 1905 3774 prrae-

302 3793 499 3866 Signlllcarunt
513 3791 591 3848 nobis
610 3792 701 3848 dilecti
730 3792 776 3846 filii
797 3789 831 3849 G.
852 3791 1012 3863 praepositas
1034 3799 1062 3846 ct
1112 3799 1174 3846 ruat
1196 3791 1229 3846 ds
1244 3789 1327 3846 latere
1342 3787 1456 3856 Christi,·
1478 3793 1547 3863 quod
1568 3792 1629 3860 fieri
1644 3809 1697 3849 noa
1717 3803 1802 3863 posset
1814 3796 1837 3849 si
1851 3812 1904 3850 aran

261 3886 366 3942 iratres
379 3884 507 3940 Ecclesia·
521 3882 628 3939 Sanctae
646 3881 736 3938 llariaa
749 3884 782 3939 de
795 3883 913 3940 Castello
930 3883 1062 3940 lanuensi
1111 3883 1216 3940 liaberet
1228 3900 1314 3941 umam
1325 3887 1415 3940 cornis
1426 3895 1559 3942 naturam.
1569 3885 1616 3942 Sic
1631 3901 1696 3957 ergo
1710 3895 1764 3942 tam
1779 3903 1813 3944 ex
1827 3898 1902 3944 textu

260 3977 339 4049 ‘quod
354 3974 489 4047 cumolim
506 3974 577 4030 inter
600 3973 673 4044 ipsos
695 3990 728 4028 eit
747 3982 826 4044 parte
840 3987 892 4028 urna
909 3983 936 4029 et
948 3973 1062 4030 clericos
1112 3988 1192 4044 quam
1217 3989 1250 4028 cx
1271 3974 1346 4044 glosa
1361 3975 1490 4044 proponis
1514 3989 1564 4044 per
1577 3974 1649 4031 illam
1670 3991 1769 4046 agriam
1792 3979 1903 4048 probari

262 4069 361 4126 Sancti
373 4068 495 4124 Damiani
510 4076 538 4124 et
550 4066 645 4124 Sancti
663 4065 771 4122 Nasarii
784 4080 816 4122 er
834 4065 920 4121 altera
932 4079 1015 4136 super
1027 4079 1061 4121 eo
1112 4065 1184 4134 qrrod
1208 4062 1333 4119 Christus
1359 4064 1395 4118 sit
1420 4079 1499 4120 rerns
1516 4066 1606 4122 honio.
1619 4065 1650 4120 Et
1675 4067 1736 4123 ideo
1751 4067 1774 4123 si
1796 4069 1904 4125 dicatur

269 4161 340 4233 quod
357 4160 480 4231 predicti
496 4158 586 4216 clerici
603 4167 699 4216 contra
710 4159 849 4214 decretum
863 4158 941 4214 bonas
956 4173 1060 4214 meras·
1111 4153 1184 4223 quod
1198 4153 1242 4208 illa
1257 4168 1311 4210 non
1327 4154 1432 4210 exstitit
1447 4170 1511 4211 uera
1525 4171 1606 4227 aqua,
1622 4158 1669 4213 sed
1688 4160 1831 4229 aquaticus
1852 4162 1904 4217 hu-

263 4258 315 4312 ·ria.
328 4254 390 4325 cyri
406 4253 605 4324 archiepiscopi
615 4251 758 4309 lannensis
773 4251 802 4306 ia
822 4249 948 4307 ecclesiis
959 4251 1017 4308 sais
1031 4251 1059 4306 in
1112 4247 1184 4302 anani
1196 4248 1319 4317 corporis
1334 4247 1442 4313 lrnmor,
1452 4250 1678 4319 tamcspositoris
1688 4267 1769 4322 quam
1787 4255 1903 4322 apastoli

264 4348 372 4402 lionorc
392 4346 478 4402 beatae
494 4343 614 4415 Virginis
636 4342 733 4398 altaria
757 4351 915 4398 construere
928 4356 1060 4412 praesma·
1074 4379 1097 4435 Β
1111 4339 1194 4394 rerba
1221 4339 1397 4409 intelligibilia
1423 4341 1469 4396 tibi
1496 4355 1556 4396 esse
1580 4341 1716 4400 ridemur.
1743 4344 1798 4400 Sed
1828 4347 1903 4402 dicto

266 4439 405 4508 pscium,
432 4450 524 4492 coram
564 4435 642 4491 bonas
669 4432 808 4488 memoriae
830 4431 943 4503 lingone
969 4432 1059 4488 arciri·
1113 4430 1186 4499 quod
1207 4429 1289 4484 luerit
1312 4444 1467 4500 reraaqua,
1489 4433 1561 4487 sicut
1579 4435 1817 4494 noseredimuset
1834 4439 1903 4495 late-

264 4526 395 4600 episcopo
406 4524 572 4580 lanuerrsiet
582 4523 614 4580 G.
626 4523 724 4579 abbate
735 4520 883 4577 civitatulae
896 4523 1060 4578 auctoritate
1113 4538 1174 4577 ιιιιιι
1186 4561 1194 4588 ,
1206 4537 1257 4578 nec
1286 4523 1336 4577 ista
1362 4537 1411 4578 nec
1425 4523 1470 4578 illa
1485 4525 1651 4582 sufficienter
1669 4529 1808 4601 intelligis.
1824 4531 1902 4587 iliade

267 4621 320 4693 piae
347 4618 543 4674 recordationis
574 4616 723 4674 Alexandri
748 4629 823 4685 papac
851 4615 1060 4684 predecessoris
1114 4615 1193 4673 nabis
1209 4615 1346 4671 hartriliter
1371 4617 1527 4686 supplicasti
1546 4628 1680 4688 quatenus
1694 4622 1728 4676 ad
1744 4623 1902 4692 generalem

268 4713 355 4770 nostri
370 4711 484 4783 qrraestio
498 4717 661 4777 uerteretur,
678 4709 758 4765 iidem
771 4706 887 4778 cognitis
900 4721 987 4762 cause
1003 4721 1061 4762 rire·
1112 4706 1256 4764 utilitatem
1269 4707 1414 4777 legentium
1427 4718 1455 4761 ct
1466 4709 1590 4764 nebulam
1601 4711 1636 4767 de
1649 4719 1695 4767 tuo
1713 4714 1795 4769 corde
1808 4716 1902 4771 tollen-

266 4806 327 4862 ritis
341 4803 443 4875 praeis
456 4801 626 4857 diffinitivam
639 4801 800 4857 sententiam
814 4798 994 4868 protulerunt,
1003 4798 1059 4854 sic·
1111 4799 1173 4853 dam
1188 4797 1389 4854 subicienteret
1401 4799 1541 4857 evidenter
1551 4801 1603 4857 lroc
1625 4816 1759 4872 exponere
1771 4805 1900 4876 dignare-

190 4962 193 4966 ,
268 4907 297 4951 nt
312 4898 340 4952 in
365 4897 522 4953 authentico
536 4894 633 4952 exinde
648 4893 771 4951 conlecto
784 4893 923 4951 euidenter
937 4897 1058 4962 apparet.
1111 4889 1254 4946 manlios
1272 4889 1353 4962 igitur
1371 4889 1404 4946 ad
1431 4899 1483 4948 tuae
1507 4893 1713 4963 supplicationis
1743 4894 1899 4950 instantiam

266 4989 322 5044 Piae
335 5003 443 5061 quoque
464 4986 661 5045 recordationis
677 4986 802 5043 Urbanus
821 4999 890 5054 papa
910 4983 1060 5054 praedeces·
1112 4982 1304 5053 respondemus
1314 4983 1385 5053 quod
1396 4983 1508 5053 quidam
1521 4984 1665 5049 dixerunt;
1678 4985 1725 5039 scd
1740 4995 1900 5042 errarenmt

267 5095 313 5136 sor
341 5091 434 5138 noster
454 5081 596 5152 praelatam
617 5077 784 5134 corrhrmans
804 5075 981 5139 seutentiam,
996 5089 1058 5130 curn
1110 5075 1249 5132 Christum
1274 5091 1328 5132 non
1349 5075 1434 5131 luisse
1448 5091 1543 5131 rerum
1556 5077 1897 5147 beumsscdadoptirum,

267 5175 338 5230 inter
352 5175 524 5245 praepositum
547 5182 575 5229 et
586 5160 728 5227 'iratresex
745 5179 822 5242 parte
840 5185 893 5225 una
905 5177 932 5224 et
944 5167 1059 5225 clericos
1111 5179 1141 5225 ut
1160 5170 1251 5226 miseri
1263 5169 1366 5226 Ariani.
1384 5169 1436 5224 stit
1454 5169 1668 5224 reruChristum
1683 5185 1737 5224 non
1755 5169 1841 5225 inisse
1853 5184 1901 5224 re

265 5263 363 5321 Sancti
376 5263 485 5336 Georgii
497 5263 641 5320 lanuensis
655 5279 688 5320 ex
701 5262 784 5318 altera
801 5277 882 5334 super
895 5262 989 5318 eodem
1013 5275 1060 5315 ro·
1110 5279 1170 5318 rum
1195 5262 1343 5327 hominem,
1358 5263 1404 5318 sed
1430 5263 1644 5333 phantasticum,
1665 5270 1693 5315 ut
1714 5260 1790 5330 impii
1813 5260 1902 5318 tiarn-

265 5369 325 5411 ram
338 5357 395 5426 ipso
406 5355 520 5426 quaestio
531 5362 694 5420 verteretur,
706 5370 754 5425 pro
767 5353 806 5410 cis
820 5353 980 5409 sententiani
995 5368 1060 5423 pro-
1109 5359 1188 5416 chaei.
1213 5358 1351 5412 Adversus
1377 5357 1427 5411 has
1439 5357 1556 5410 hareses
1569 5352 1687 5408 loaunes
1709 5354 1846 5412 apostolus
1871 5355 1903 5427 im

268 5444 415 5516 mulgarit,
428 5446 576 5500 decernens
591 5445 617 5499 in
632 5445 712 5500 altari
727 5445 797 5514 quod
815 5441 896 5500 iidem
912 5443 1003 5500 clerici
1031 5444 1058 5498 in
1110 5447 1228 5517 Epistola
1244 5462 1291 5502 sna
1307 5446 1434 5516 loquitur,
1448 5446 1540 5500 diceus
1554 5461 1561 5497 ι
1576 5443 1639 5498 Tres
1652 5454 1713 5498 suist
1726 5446 1771 5513 prii
1782 5433 1906 5504 testinmb

267 5536 371 5592 honore
386 5536 472 5592 beatae
483 5533 601 5606 Virginis
614 5549 662 5606 per
676 5534 885 5592 liruniaecnscm
901 5535 1058 5605 episcopum
1109 5541 1181 5594 ηῐιιιιι
1196 5540 1260 5592 (ianr
1275 5540 1303 5593 ia
1315 5537 1398 5604 coelo,
1416 5534 1507 5602 Pater,
1528 5535 1640 5590 Verbum
1655 5535 1908 5608 ,cispitaticum

305 5647 344 5719 iil
360 5645 427 5717 Cap.
440 5645 612 5718 Inpendam,
633 5649 669 5702 lic
681 5648 783 5703 celebr.
800 5647 874 5704 miss.
1309 5707 1315 5722 ·
1400 5708 1406 5720 .
1634 5707 1640 5720 .
1876 5631 1893 5684 l'

300 5722 342 5791 15)
358 5719 386 5774 la
400 5727 461 5775 tert.
475 5719 580 5776 collect.
595 5718 713 5798 additur,
733 5736 817 5776 cerras.
831 5718 884 5777 Sed
902 5727 991 5774 tamen
1004 5729 1056 5772 rox
1075 5713 1120 5772 illa
1136 5727 1189 5769 non
1204 5717 1294 5769 exstat
1309 5726 1335 5766 m
1347 5708 1440 5766 codice
1452 5708 1652 5781 andegavensi.
