4109 6325
250 434 300 492 ιιι
687 402 882 465 ltlllocolllll
901 400 934 461 lll
953 398 1008 455 ln.
1028 388 1263 453 neossrolttlll
1283 388 1347 444 blo.
1368 383 1439 441 xl'b
1829 375 1882 437 912

251 562 313 607 cnm
329 542 380 617 ipsl
392 550 447 596 turn
462 530 616 589 valetudine
628 525 762 596 corporis,
775 530 832 577 tum
867 518 1039 591 negotiorum
1054 514 1079 571 Α
1092 509 1209 563 Litteras
1227 504 1329 562 domiai
1346 516 1423 575 papae
1436 500 1515 557 nobis
1527 506 1554 556 ct
1574 496 1760 567 conjudicibus
1779 499 1882 555 nostris

252 636 404 709 frequentia
427 624 559 697 impediti,
574 621 607 676 ad
631 621 689 675 baec
706 613 878 684 exequenda
894 604 1042 681 personali·
1094 601 1279 666 transmissas,
1302 610 1353 652 nec
1365 612 1418 653 non
1436 603 1464 650 ct
1474 594 1581 650 litteras
1598 592 1753 669 imperiales
1770 591 1882 647 donrino

253 742 294 785 ter
313 725 405 782 venire
421 735 473 775 non
485 720 606 787 possent,
624 710 702 766 nobis
726 705 888 763 mandarunt
900 710 930 754 ut
942 698 1041 753 ‹lictam
1093 692 1215 749 Galterio
1227 688 1385 745 camerario
1396 686 1531 757 delegatas
1543 685 1717 755 precipimus
1728 683 1883 753 saepedictis

253 834 362 878 causan.
389 810 499 869 cnuctul
517 804 718 862 rnarnlaremns.
752 794 829 864 erod
857 806 919 847 cum
943 786 1042 843 lactari
1093 782 1223 837 iratribus
1239 777 1330 841 reddi;
1346 776 1384 831 ita
1401 771 1431 830 u't
1446 775 1497 845 ipsi
1510 772 1610 828 iratres
1628 773 1768 828 dominnm
1785 787 1884 842 papam

253 910 363 969 drmiro
380 902 562 963 venissemus,
579 896 612 949 de
622 887 759 947 communi
774 896 885 940 assensu
908 888 936 934 ιι
947 877 1044 933 ιοιιιιι-
1093 882 1122 927 ιι
1135 871 1323 940 imperatorem
1340 865 1568 935 precernurqrrorl
1579 865 1649 918 bano
1661 878 1756 933 pacem
1768 871 1795 919 et
1806 878 1884 919 corn·

255 1013 311 1060 tate
326 1008 441 1066 utraque
464 1004 529 1063 pars
543 994 635 1041 nostro
656 981 728 1035 sicut
754 974 854 1046 judicis
882 968 996 1038 delegati
1014 980 1044 1021 so
1093 962 1258 1033 positionem
1274 957 1439 1022 custodiant,
1453 970 1619 1025 suarumque
1637 956 1737 1011 robore
1762 958 1887 1010 muniant

254 1091 329 1149 ,pepp
345 1086 486 1145 „paravere
499 1087 528 1133 ut
543 1072 673 1145 quidquid
699 1082 781 1138 super
797 1060 983 1121 controversia
1004 1059 1044 1114 in·
1095 1053 1259 1108 litterarum.
1272 1050 1345 1105 ldem
1368 1048 1451 1104 etiarn
1477 1047 1576 1103 iratres
1590 1060 1686 1102 onmes
1705 1048 1823 1103 barones
1843 1060 1888 1103 rs-

255 1183 388 1251 vosipsos
412 1174 504 1230 babila
524 1176 717 1225 statueremus,
745 1170 833 1213 rarum
862 1154 1046 1225 haberentet
1096 1143 1185 1214 pionis
1208 1141 1394 1211 precabuntur
1411 1139 1482 1207 urrotl
1506 1136 1576 1192 banc
1598 1137 1753 1193 custodiant
1779 1151 1888 1205 pacem,

256 1274 375 1327 firmum.
389 1268 508 1332 llecepta
523 1257 604 1326 igitur
618 1252 653 1306 ab
676 1259 791 1317 utraque
812 1251 890 1313 parte
912 1237 1046 1309 juratoria
1097 1250 1127 1293 nt
1140 1237 1162 1291 si
1176 1250 1229 1305 qna
1254 1232 1371 1305 partium
1394 1231 1447 1286 boc
1466 1245 1519 1283 non
1538 1228 1692 1285 observarit
1707 1236 1803 1283 contra
1827 1243 1889 1283 eam

257 1364 382 1421 carrtlone
397 1366 492 1413 nostro
515 1359 588 1406 stare
609 1342 747 1403 marnlato,
763 1335 909 1403 auditaque
925 1328 1005 1385 simul
1019 1335 1048 1382 et
1098 1326 1247 1382 existerent
1262 1319 1419 1379 observanti
1432 1318 1501 1390 pa'rti
1515 1319 1647 1375 faventes.
1662 1318 1698 1375 tn
1715 1326 1805 1374 antem
1817 1320 1891 1389 qnod

256 1452 413 1524 diligentius
437 1445 553 1503 veritato
571 1439 705 1498 discussa,
734 1440 788 1489 tam
811 1424 996 1498 peridoneus
1019 1428 1048 1475 et
1099 1416 1289 1471 mandavimus
1305 1412 1417 1482 majoris
1432 1411 1569 1467 firmitatis
1582 1412 1666 1466 robur
1677 1420 1809 1475 assumat,
1833 1427 1892 1465 ma·

257 1545 394 1616 legitimos
414 1545 498 1593 testes
511 1534 539 1589 in
565 1525 710 1601 praesentia
731 1530 825 1576 nostra
839 1518 945 1587 juratos
966 1525 1047 1583 qnam
1099 1506 1182 1575 gistcr
1194 1502 1321 1559 Nicotaus
1338 1511 1392 1557 tam
1407 1517 1457 1571 pro
1470 1502 1598 1575 episcopo
1611 1515 1693 1571 qnam
1711 1516 1762 1571 pro
1775 1514 1817 1566 sc,
1832 1518 1892 1555 ma-

258 1636 340 1700 etiam
352 1646 401 1701 pcr
415 1623 585 1699 privilegium
604 1610 775 1672 Constantini
788 1608 925 1680 quondam
940 1599 1049 1673 cognati
1101 1599 1185 1671 gister
1197 1596 1344 1667 Gregorius
1357 1594 1487 1663 signinus
1499 1604 1528 1650 et
1541 1594 1661 1650 loannes
1671 1592 1788 1647 clericus
1808 1607 1893 1647 cauo-

258 1722 344 1780 Alerii
364 1714 535 1787 imperatoris
556 1718 717 1767 concessum
743 1698 873 1757 Ecclesiae
893 1690 1049 1751 cardicensi
1102 1684 1894 1759 nicicardicensesjuraveruntlactlssacrosauctisEvan-

261 1810 452 1885 pcrpeudimus
477 1802 576 1862 casalia
607 1800 640 1857 dc
665 1795 764 1866 utribus
791 1787 904 1862 qrraostio
928 1793 988 1842 erat
1015 1786 1050 1837 art
1102 1782 1181 1854 gellis
1204 1782 1275 1837 bane
1302 1777 1892 1849 pacem,compositionem,conventionem,

260 1905 384 1961 canalem
405 1896 554 1955 Ecclesiam
569 1890 714 1963 pertinere.
738 1884 792 1939 Pro
816 1896 870 1951 quo
890 1877 1051 1933 mandamus
1065 1852 1089 1911 Β
1102 1886 1149 1929 seu
1164 1870 1321 1926 mandatum
1342 1868 1510 1930 observare,
1525 1873 1658 1921 etcontra
1682 1864 1757 1919 nullo
1771 1872 1895 1933 tempore

262 2005 291 2053 ιιι
310 1991 434 2051 Ecclesia
456 1981 627 2045 cardicensis
643 1984 748 2043 teneat,
765 1973 866 2030 babeat
879 1966 1051 2039 etlproprie·
1103 1963 1215 2028 renire;
1232 1960 1396 2030 etpromisit
1410 1959 1553 2028 episeopus
1564 1958 1599 2013 ab
1613 1957 1739 2013 omnibus
1753 1957 1896 2012 canonicis

265 2088 337 2145 tario
356 2084 419 2153 jnre
434 2078 570 2151 possideat
587 2071 685 2129 casalia
699 2076 801 2137 septem
816 2078 876 2119 cnm
891 2060 949 2117 suis
968 2057 1053 2129 perti·
1103 2052 1314 2113 cardicensibus
1323 2052 1376 2107 boc
1385 2050 1570 2122 juramentum
1585 2050 1721 2119 praestari.
1731 2048 1807 2115 Quod
1818 2048 1897 2102 siml-

262 2179 376 2242 ncntiis,
391 2173 495 2230 scilicet
513 2164 653 2229 Toliasilri,
665 2156 838 2229 lajadinami,
864 2150 1052 2220 ‘toalopocori
1105 2147 1168 2204 litcr
1185 2146 1269 2202 freter
1288 2144 1444 2213 Stephanus
1459 2149 1619 2212 preceptor,
1642 2140 1742 2195 iratres
1757 2138 1858 2194 Petrus
1869 2145 1898 2192 et

263 2274 389 2342 olongos,
406 2261 559 2332 icanapiza,
580 2253 719 2319 lconzobi,
736 2248 845 2313 stenes,
870 2244 978 2313 duoque
997 2254 1055 2295 mo·
1106 2239 1184 2297 oddo
1199 2238 1363 2309 juraverunt
1379 2234 1542 2296 observare
1563 2241 1591 2286 et
1604 2231 1728 2301 promisit
1747 2229 1819 2285 idem
1834 2229 1900 2285 Ste-

262 2364 370 2421 londina
389 2360 506 2427 integra,
522 2358 550 2407 ιι
569 2348 620 2405 tria
648 2342 811 2400 insedilloata
826 2337 853 2393 in
868 2336 927 2392 loco
951 2332 997 2402 qui
1010 2329 1054 2385 di-

264 2458 335 2514 cltnr
361 2452 540 2521 supptettusn,
564 2453 625 2496 cnm
650 2433 783 2491 irnctibns
810 2428 908 2485 exinde
950 2422 1056 2478 dnobus

263 2545 343 2601 arrrris
353 2536 498 2611 perceptis.
512 2532 599 2600 Super
611 2524 735 2581 ducentis
748 2519 866 2576 nrarcbis
877 2513 981 2587 argenti
992 2509 1056 2585 olim

262 2642 292 2695 in
305 2631 501 2705 compromisso
511 2621 620 2680 statutis
630 2625 658 2673 ιι
667 2614 778 2671 rromlne
793 2624 881 2683 ptenae
908 2602 1056 2667 solvendis,

268 2744 320 2785 ncc
335 2740 388 2780 non
408 2730 436 2776 et
464 2713 589 2785 expensis
604 2708 684 2764 lactis
712 2719 773 2761 cunr
795 2703 883 2757 dictus
913 2697 1058 2767 episcopos

267 2823 381 2877 llonranr
404 2808 531 2873 accessit,
545 2818 612 2875 ‹puas
637 2798 763 2855 donnaus
786 2808 855 2864 papa
881 2789 1059 2845 mandaverat

269 2914 346 2971 nobis
370 2919 399 2964 nt
427 2907 500 2962 tlicto
521 2899 649 2969 episcopo
674 2890 740 2947 solvi
769 2888 941 2947 laceremus,
968 2881 1060 2937 taliter

266 3007 396 3063 duximus
424 2991 609 3053 statuendum.
643 2985 791 3055 Episcopus
822 2977 893 3033 enirn
925 2973 1061 3029 antelatus

268 3108 295 3153 et
307 3088 428 3151 Ecclesia
455 3077 627 3141 cardicensis
645 3072 806 3145 perciplant,
823 3074 943 3131 teneant,
960 3072 988 3119 ct
1013 3062 1062 3117 ba·

270 3194 353 3245 boant
363 3186 513 3253 proventus
527 3173 579 3230 l'ori
596 3163 797 3225 brtrrironensis
814 3175 861 3230 per
886 3173 933 3213 sex
957 3169 1059 3219 annos3

269 3283 307 3338 ita
322 3287 413 3334 tamen
427 3269 499 3342 quod
517 3267 540 3322 si
555 3262 620 3320 tlictl
635 3258 734 3312 iratres
747 3254 875 3323 episcopo
893 3259 921 3308 et
933 3247 1062 3302 Ecclesiae

268 3388 319 3444 per
331 3365 479 3444 quemlibet
498 3370 599 3415 annum
623 3349 754 3408 solverint
768 3353 885 3415 quatuor
910 3341 993 3400 libras
1015 3339 1063 3409 by-

271 3470 461 3536 pcrperorum,
472 3452 536 3508 dum
552 3447 624 3503 idem
638 3440 781 3512 episcopos
796 3436 876 3491 dcbct
893 3441 987 3487 tenere
1000 3443 1064 3499 pro-

271 3563 381 3618 ventus,
408 3547 449 3604 sic
464 3541 535 3613 qrrod
566 3534 647 3594 simul
675 3540 703 3588 et
730 3543 784 3585 una
805 3523 996 3588 vicosolvant,
1012 3534 1064 3590 pro

265 3643 392 3702 residuis
409 3628 651 3706 annisperoiplaat
677 3624 782 3678 tructas
795 3619 847 3675 lori
863 3615 981 3688 praelati.
997 3612 1066 3668 Ern-

262 3746 395 3796 ·rnentnm
418 3745 495 3795 vero,
520 3725 622 3786 vinnm,
651 3713 807 3789 byperperi,
823 3719 852 3768 ιι
872 3706 1003 3780 quidquid
1032 3705 1066 3759 do

274 3830 354 3886 bonis
368 3820 496 3880 Ecclesiae
508 3817 587 3873 dictae
603 3807 729 3884 praesenti
744 3814 771 3862 et
782 3801 920 3876 preterito
931 3811 1004 3854 anno
1015 3809 1066 3852 sm·

276 3921 374 3996 perlloti
389 3917 489 3971 iratres
507 3911 706 3980 perceperunt,
729 3899 854 3970 jubemus
875 3893 987 3964 praelato
1010 3888 1067 3959 epi·

277 4027 359 4080 scopo
377 4005 469 4068 redon
491 4002 531 4056 sic
545 4008 636 4053 tamen
657 4001 687 4047 ut
714 3985 961 4058 impresentiarum
988 3980 1067 4036 resti·

269 4111 356 4159 ¹luant
366 4097 487 4170 utrinque
499 4097 607 4160 vegetes
617 4083 684 4146 vini,
698 4088 822 4151 quartam
835 4085 940 4147 partem
955 4073 1066 4144 triginta

278 4201 381 4264 septem
414 4185 564 4242 modiorum
595 4174 724 4232 lrtrmenti
759 4181 787 4227 et
815 4168 930 4230 dimidii,
958 4174 1067 4220 centnm

279 4268 702 4354 utrinquagintatrestrandiorum
727 4260 832 4324 bordei,
864 4258 981 4312 cicerum
1001 4267 1068 4323 una·

282 4374 439 4434 lambecius,
463 4379 560 4422 nucum
573 4369 696 4432 utratuor,
711 4355 775 4411 binc
789 4353 823 4408 ad
844 4349 983 4412 llartium,
1012 4355 1067 4398 tres

281 4467 349 4522 alias
361 4460 483 4518 residuas
503 4462 592 4526 partes
605 4465 654 4520 per
670 4457 754 4504 tolum
768 4455 886 4498 mensem
902 4434 1016 4508 bagnsn
1032 4434 1067 4488 ad

281 4570 408 4630 stragalum
424 4550 542 4608 modium
557 4547 728 4600 mensuratas
752 4533 906 4591 exsolvant.
920 4529 989 4598 Quia
1004 4541 1069 4581 vcro
1085 4537 1107 4591 p

281 4651 405 4710 constitit
420 4645 498 4701 nobis
511 4639 583 4712 quod
611 4629 784 4703 llospitalarli
809 4626 944 4682 babebant
966 4630 1069 4692 septena

282 4743 406 4801 bominos
422 4733 549 4792 Ecclesiae
561 4724 744 4789 Cardio'ensis,
762 4719 866 4776 scilicet
883 4729 979 4785 papam
1003 4713 1070 4768 leo-

280 4847 356 4896 nem,
374 4829 505 4884 loannem
530 4819 592 4888 Fot,
621 4813 799 4872 laviotissam
828 4816 855 4862 ιι
884 4805 967 4860 blium
1001 4800 1070 4870 cjns,

283 4926 434 4992 rarasque,
455 4917 590 4977 Pilannm,
607 4909 743 4972 Erlnium,
760 4900 930 4963 Nileilornm,
944 4895 1072 4965 jubemus

286 5017 345 5070 illos
361 5028 376 5066 s
391 5009 470 5066 dictis
490 5003 621 5062 iratribus
642 4997 772 5067 episcopo
791 4990 910 5049 restitui.
935 4986 1071 5041 Praeterea

285 5100 512 5160 ornnesabbatias
528 5103 555 5152 et
573 5100 686 5164 papates
709 5089 735 5141 ln
756 5088 904 5140 tenimento
930 5074 1072 5147 bospltalis

286 5194 446 5251 constitutas
473 5196 501 5243 ιι
521 5185 686 5246 existentes,
705 5178 769 5233 dum
797 5183 886 5230 tamen
915 5170 970 5226 sint
1003 5164 1072 5220 lulra

286 5289 356 5343 lines
379 5284 550 5354 episcopatus
575 5273 756 5336 cardicensis,
783 5265 953 5341 praecipimus
983 5258 1072 5313 reddi.

286 5378 443 5437 Praesertlm
474 5371 546 5428 enim
566 5368 709 5439 quamdam
738 5360 874 5418 abbatiam
900 5356 927 5410 in
966 5349 1074 5406 brnriro

288 5485 349 5545 quac
361 5461 647 5524 valestinumoiobur,
661 5470 741 5526 qnam
767 5450 891 5506 donrbms
905 5459 973 5516 papa
987 5440 1073 5495 eidem

288 5563 416 5632 episcopo
429 5556 505 5613 duxit
518 5547 728 5610 eottcedendam,
741 5541 903 5599 mandamus
916 5535 1074 5606 episcopum

289 5651 430 5725 praelatum
446 5648 562 5710 babore;
589 5652 616 5699 el
634 5637 765 5711 quidquid
780 5635 905 5692 dominns
932 5641 999 5710 papa
1023 5621 1075 5691 ipsi

291 5743 454 5815 adjtrdicavit
474 5739 599 5810 episcopo
627 5733 669 5789 vel
688 5728 831 5790 coracessii,
847 5725 934 5780 cidem
951 5717 1076 5776 duximus

291 5835 518 5902 auctoritateque
534 5819 897 5900 lungimnrcorrlrrmandnm.

1106 2329 1215 2401 pbanus
1226 2336 1425 2384 sacramentum
1440 2324 1512 2380 istud
1526 2337 1541 2377 a
1554 2322 1660 2377 cunctis
1677 2321 1807 2376 iratribus
1819 2321 1900 2376 esbi-

1107 2421 1178 2479 beri.
1198 2420 1255 2475 llos
1278 2433 1344 2474 voro
1365 2416 1399 2471 ad
1419 2414 1549 2484 majorem
1571 2412 1652 2481 bajus
1676 2412 1716 2466 rei
1741 2410 1900 2465 brmitatem

1108 2511 1264 2569 habenulam
1276 2508 1403 2577 jubemus
1417 2513 1472 2560 tarn
1497 2504 1587 2575 sigillo
1601 2514 1697 2559 nostro
1709 2517 1791 2571 quam
1810 2499 1901 2571 sigillo

1109 2600 1274 2658 venerabilis
1297 2598 1391 2653 fratris
1413 2594 1501 2653 nostri
1529 2592 1784 2651 Thessalonicensis
1808 2590 1903 2645 arcbi·

1111 2692 1244 2765 episcopi,
1258 2700 1285 2746 et
1296 2690 1349 2746 boc
1362 2686 1602 2759 utriusquepartis
1614 2685 1903 2753 voluntatc,praesens

1110 2787 1241 2855 scriptum
1256 2780 1429 2839 communiri.
1444 2778 1541 2836 Omnia
1559 2777 1668 2849 quidem
1683 2773 1811 2846 predicta
1821 2772 1903 2840 jube·

1112 2891 1173 2933 mos
1183 2889 1244 2930 esse
1265 2882 1333 2937 rata,
1346 2869 1421 2927 salva
1434 2869 1546 2951 utrique
1559 2866 1629 2938 parti
1645 2863 1740 2935 agendi
1754 2869 1903 2933 potestate,

1111 2966 1135 3021 si
1159 2978 1213 3036 qtra
1238 2970 1302 3019 sunt
1324 2962 1395 3016 inter
1412 2961 1486 3031 ipsos
1508 2957 1626 3029 agenda,
1650 2954 1772 3025 exceptis
1795 2953 1905 3022 lisque

1112 3056 1209 3128 pagina
1227 3053 1354 3125 praesenti
1378 3060 1516 3109 ιιοιιιιιιιι.
1535 3048 1589 3104 b'os
1603 3045 1818 3103 liartbolomaens
1835 3042 1905 3100 car-

1112 3145 1231 3202 dicensis
1243 3146 1386 3216 episcopus
1400 3155 1454 3198 una
1466 3154 1528 3197 curn
1540 3137 1659 3210 capitulo
1672 3135 1792 3206 ejusdem
1807 3134 1904 3189 Eccle-

1112 3238 1161 3293 siac
1176 3237 1240 3292 bule
1263 3235 1323 3306 paci
1343 3233 1386 3290 vel
1403 3230 1577 3289 conventioni
1598 3227 1777 3290 assentimus,
1797 3235 1903 3278 ratam-

1112 3347 1165 3401 que
1179 3340 1208 3384 ct
1224 3328 1330 3383 brmam
1346 3339 1454 3396 semper
1466 3323 1566 3379 babere
1578 3319 1780 3391 promittimus;
1794 3325 1822 3372 et
1832 3330 1906 3385 prse-

1116 3433 1189 3478 terea
1211 3430 1266 3476 tam
1285 3416 1440 3490 apostolicae
1454 3413 1606 3470 clementiae
1624 3425 1705 3482 quam
1722 3408 1906 3478 imperatoriae

1114 3513 1299 3585 supplicamus
1326 3507 1461 3579 majestati
1487 3516 1518 3560 ut
1544 3507 1615 3561 banc
1640 3518 1735 3574 paoem
1765 3499 1906 3556 custodiro

1119 3617 1287 3674 suarumque
1304 3601 1455 3659 munimine
1471 3600 1625 3654 litterarum
1647 3595 1778 3649 roborare
1791 3591 1906 3661 dignen-

1116 3706 1169 3751 tnr.
1182 3696 1302 3750 barones
1319 3695 1430 3763 insuper
1447 3687 1637 3746 eodemmodo
1655 3696 1812 3756 precamur,
1833 3679 1908 3735 scili·

1116 3798 1159 3844 cet
1183 3787 1308 3842 dontinus
1332 3785 1436 3840 conum
1456 3779 1671 3841 seneschallum,
1689 3774 1848 3831 Gauii-idum
1870 3771 1906 3823 dc

1117 3874 1316 3934 l'illa-brduini
1332 3872 1558 3935 mareschalcum,
1581 3868 1707 3923 blilooem
1719 3863 1753 3920 de
1774 3862 1904 3924 Brabant,

1117 3979 1144 4028 ιι
1157 3984 1253 4025 ornnes
1267 3968 1336 4023 alios
1352 3967 1478 4030 barones,
1495 3962 1567 4032 quod
1590 3962 1661 4016 banc
1675 3955 1833 4013 custodiant
1854 3967 1905 4020 pa·

1117 4080 1188 4131 cern,
1211 4077 1315 4132 suoque
1330 4061 1459 4116 roborent
1481 4056 1580 4128 sigillo,
1604 4063 1632 4109 ιι
1654 4050 1727 4121 parti
1751 4045 1908 4103 observanti

1107 4157 1188 4214 ¹bano
1222 4168 1316 4224 pacem
1346 4151 1468 4205 tarentas
1499 4154 1593 4202 contra
1622 4156 1675 4197 non
1710 4140 1907 4195 observantem

1118 4245 1251 4300 existant.
1275 4242 1330 4299 Nos
1350 4241 1435 4296 irater
1458 4238 1613 4307 Stepbanus
1633 4241 1785 4304 praeceptor
1811 4229 1910 4283 domus

1119 4335 1153 4390 tle
1171 4331 1294 4387 Pltitalea
1308 4341 1337 4387 ot
1359 4330 1474 4385 aliarum
1490 4328 1632 4383 domorum
1648 4318 1790 4390 bospltalis
1812 4315 1909 4372 Sancti

1119 4427 1233 4484 ioannis
1257 4421 1496 4496 llicrosolymitani
1522 4419 1550 4473 in
1579 4416 1732 4479 Romania,
1762 4426 1817 4465 nna
1846 4423 1911 4464 curn

1121 4521 1251 4578 iratribus
1278 4517 1378 4573 nostris
1401 4514 1464 4569 boio
1485 4511 1544 4582 paci
1559 4509 1602 4564 vel
1625 4502 1798 4562 conventioni
1817 4515 1913 4555 assen-

1123 4615 1216 4679 timus,
1242 4618 1383 4677 ratarnqne
1410 4615 1438 4659 et
1467 4605 1573 4658 firmam
1591 4613 1698 4669 semper
1720 4593 1823 4650 babere
1848 4604 1913 4659 prro-

1122 4704 1271 4768 mittimus;
1293 4709 1320 4754 ιι
1342 4705 1472 4770 praeterea
1497 4702 1552 4748 taur
1576 4689 1732 4761 apostolice
1758 4679 1915 4738 clementis

1122 4809 1205 4865 quam
1235 4788 1419 4861 imperatoriae
1458 4783 1641 4853 supplicamns
1674 4773 1810 4843 majestati
1840 4771 1915 4838 rprrod

1122 4887 1193 4942 banc
1205 4897 1298 4955 pacem
1314 4878 1452 4936 custodire
1463 4886 1492 4930 ct
1504 4888 1614 4930 suarum
1640 4866 1789 4924 trauainainc
1805 4863 1915 4916 littera-

1123 4991 1182 5031 nnn
1207 4974 1337 5029 roborare
1360 4968 1516 5036 dignentur.
1543 4964 1663 5018 Earoncs
1685 4958 1796 5024 insuper
1815 4951 1914 5004 eodem

1123 5067 1202 5121 modo
1213 5077 1367 5134 precamur,
1382 5058 1485 5115 scilicet
1495 5056 1619 5111 dominos
1633 5053 1737 5106 Connm
1758 5041 1916 5101 senescbnl-

1124 5173 1195 5220 cnm,
1212 5155 1374 5210 Gaulrblnm
1390 5152 1424 5206 de
1441 5144 1657 5206 Villa-llarduini
1679 5135 1915 5195 mareschalcum,

1123 5249 1248 5304 Milonem
1268 5247 1300 5302 de
1314 5245 1445 5308 Brabant,
1459 5253 1487 5299 et
1500 5253 1595 5297 omncs
1609 5236 1677 5291 alios
1696 5234 1825 5292 barones,
1841 5225 1917 5294 qnod

1124 5342 1194 5396 bano
1211 5338 1369 5395 custodiant
1383 5349 1487 5406 pacem,
1504 5343 1608 5400 suoque
1623 5327 1753 5382 roborent
1767 5317 1869 5387 sigillo,
1888 5325 1919 5367 cv

1123 5435 1194 5505 parti
1214 5431 1370 5489 observanti
1384 5429 1455 5483 bano
1477 5439 1572 5495 pacem
1594 5421 1716 5476 ferventes
1736 5421 1831 5470 contra
1859 5422 1917 5461 non

1124 5527 1314 5583 observantem
1328 5520 1457 5577 existant.
1474 5515 1570 5568 barura
1582 5521 1610 5566 ct
1625 5509 1767 5566 recitatum
1782 5499 1855 5571 apud
1866 5496 1920 5549 Ar·

1125 5619 1194 5674 miro
1209 5618 1237 5671 in
1256 5614 1398 5685 prasentia
1421 5608 1524 5664 domini
1544 5602 1675 5662 Gualterii
1689 5589 1852 5654 camerarii,
1868 5585 1920 5641 lli-

1126 5710 1194 5767 colai
1208 5706 1360 5778 Eugttlusn,
1374 5697 1533 5764 Tbcobaldi,
1548 5691 1662 5757 lvonis,
1674 5684 1796 5748 Tbomae,
1807 5688 1835 5736 et
1848 5673 1921 5732 mul-

1128 5817 1215 5863 torum
1229 5802 1353 5868 aliorum,
1367 5811 1438 5852 anno
1450 5790 1556 5850 Eorrrini
1569 5785 1713 5845 millesimo
1726 5769 1921 5835 ducentesimo
