4109 6325
290 351 362 411 ⁴075
976 344 1171 408 muscentii
1190 342 1225 402 til
1243 340 1293 400 PP·
1854 348 1925 406 tuit

289 466 440 539 apostoliea
457 464 505 521 tibi
519 463 622 535 scripta
636 462 805 531 mandamus,
824 472 853 520 et
871 464 922 523 sub
936 464 1027 521 debito
1050 464 1081 519 la·
1094 471 1120 529 Α
1134 464 1264 520 debuerat
1290 460 1422 517 memoria
1444 460 1589 517 excidisse.
1607 457 1661 515 Sed
1677 472 1742 514 cnut
1764 473 1827 516 eum
1852 461 1927 517 inter

289 557 409 614 ‹telitatis
422 570 477 625 quo
492 554 623 610 Ecclesiae
637 552 768 613 llomanae
783 556 883 612 teneris
898 556 1037 621 astrictus,
1052 566 1081 613 et
1134 558 1203 615 alios
1217 558 1346 630 praelatos
1357 554 1486 613 Ecclesise
1501 554 1652 610 membrum
1668 554 1854 612 demissimnur
1865 570 1926 613 cre-

287 646 397 702 vinenlo
412 642 562 714 iuramenti
577 647 650 717 quod
665 659 751 717 super
769 650 821 702 boe
832 646 991 716 specialiter
1008 661 1082 718 prse-
1134 652 1261 709 duremus
1282 660 1309 705 et
1323 651 1357 706 ad
1370 648 1542 719 exsequenda
1564 646 1694 702 mandata
1717 655 1811 703 nostra
1833 663 1927 720 prom-

284 736 394 803 'stitisti,
414 736 725 808 districtcprrecipimns
742 747 879 810 urratenus
906 740 996 795 eidem
1024 738 1084 809 regi
1134 756 1209 815 ptnm
1235 742 1398 799 omnimodis
1415 741 1556 807 irnvenire,
1580 740 1727 796 dummodo
1744 740 1770 795 ei
1787 752 1927 798 constaret

288 828 322 884 de
334 837 434 883 emtore
447 828 564 885 lldeliter
580 839 609 885 et
628 838 788 887 constanter
811 833 954 888 adhaereas
978 840 1007 887 et
1032 848 1082 902 po·
1134 836 1168 891 de
1181 843 1281 891 nostrae
1295 833 1465 903 beneplacito
1475 831 1632 896 uoluntatis,
1647 830 1681 886 de
1693 830 1753 901 ipso
1767 831 1795 887 in
1812 842 1926 889 eontra-

285 920 665 991 tenteretpateuterassistas
684 922 803 995 Alioqui,
815 923 924 980 noveris
932 939 984 979 nos
994 922 1082 978 eidem
1134 926 1204 981 rium
1226 924 1328 981 sentire
1341 919 1531 994 cotrrpellinrnr
1544 929 1572 977 et
1589 920 1661 976 eliud
1684 936 1768 991 quam
1787 920 1925 977 credimus

286 1006 377 1080 legato
387 1024 437 1080 per
446 1010 595 1081 apostolica
608 1011 710 1083 scripta
720 1012 864 1067 mandasse
874 1020 905 1067 ιιι
916 1021 943 1067 te
952 1022 1081 1082 tanquam
1134 1018 1264 1088 cogitare.
1277 1015 1390 1070 Poterat
1402 1014 1511 1084 uiridem
1523 1014 1590 1068 satis
1603 1008 1728 1069 sufficere
1742 1014 1814 1081 quod
1825 1026 1858 1067 ex
1871 1027 1925 1082 qno

287 1110 519 1173 transgressorem
546 1103 648 1173 proprii
672 1102 822 1171 iuramenti
849 1102 966 1175 singolis
985 1102 1083 1160 diebus
1134 1105 1185 1163 sibi
1206 1120 1288 1177 super
1301 1103 1408 1174 imperii
1424 1102 1539 1159 llomaui
1562 1104 1671 1174 negotio
1691 1112 1785 1158 nostra
1806 1102 1926 1162 innotuit

288 1193 438 1251 Dominicis
455 1203 483 1251 et
495 1193 611 1266 lestinis,
632 1195 745 1267 pulsatis
762 1196 903 1265 campanis
917 1204 946 1253 et
960 1194 1083 1253 candelis
1134 1196 1249 1253 intentio
1274 1194 1434 1259 maniieste,
1451 1208 1505 1249 nou
1525 1192 1612 1249 solum
1637 1192 1809 1265 dispositioni
1826 1204 1926 1253 nostre

289 1285 439 1353 accensis,
475 1284 743 1341 excommunicatum
779 1283 887 1354 publice
920 1284 1028 1339 nuntiet
1055 1292 1082 1339 et
1135 1288 1310 1357 acquiescere
1321 1300 1375 1341 non
1395 1284 1514 1351 curavit,
1527 1300 1619 1340 rernm
1634 1284 1718 1341 etiem
1735 1286 1926 1343 modisomui-

289 1377 401 1433 mandet
414 1377 453 1435 ab
469 1377 596 1433 omuibus
607 1376 828 1435 aretiasevitari.
839 1374 896 1433 lloc
912 1374 984 1432 idem
999 1376 1082 1430 etiarn
1133 1378 1183 1435 bus
1200 1380 1226 1433 in
1237 1378 1404 1435 contrarium
1422 1384 1463 1433 est
1479 1376 1583 1442 enisus,
1605 1374 1679 1431 sicut
1699 1374 1812 1433 effeetus
1829 1378 1923 1448 operis

288 1466 494 1525 venerabilibus
515 1466 647 1523 iratribus
667 1465 770 1522 nostris
783 1464 954 1531 Coloniensi,
969 1462 1083 1536 lingau-
1134 1472 1299 1529 manifestat,
1321 1470 1375 1527 Sed
1399 1472 1458 1542 lpse
1474 1470 1556 1525 rionis
1569 1469 1640 1524 mela
1664 1484 1712 1541 pm
1734 1469 1815 1527 pont,
1842 1472 1928 1525 regg-g.

287 1560 356 1624 unu,
371 1557 526 1625 stennone,
541 1557 671 1613 trenetur
696 1572 804 1629 suosne
819 1572 852 1613 ae
870 1556 1022 1614 Senomnst
1037 1572 1082 1612 ar·
1133 1563 1234 1627 boens,
1259 1574 1311 1615 nvn
1333 1559 1421 1621 etun
1445 1574 1475 1615 se
1502 1558 1633 1613 voruntas
1658 1568 1757 1614 nosue
1783 1572 1927 1629 opponere

288 1649 470 1722 cldepiscopis
482 1649 606 1707 districte
618 1648 800 1720 praretptendn
816 1646 1081 1715 manduessedum
1133 1651 1289 1717 attentavit,
1304 1650 1370 1721 quin
1393 1649 1475 1705 etiam
1492 1648 1570 1721 longe
1584 1658 1648 1705 ante
1669 1649 1792 1720 quedam
1810 1651 1926 1705 sinistra

288 1741 312 1796 si
326 1755 377 1797 nce
390 1742 431 1797 sic
450 1740 541 1797 lorsau
557 1741 714 1796 mandatum
732 1741 873 1797 curareris
899 1740 1080 1813 apostolicum
1133 1747 1167 1801 de
1182 1744 1270 1811 viabis,
1284 1756 1367 1813 snper
1387 1740 1486 1808 auibus
1501 1757 1550 1813 per
1562 1741 1667 1797 litteras
1680 1755 1755 1807 snas,
1771 1755 1840 1811 quas
1853 1742 1924 1811 apud

287 1834 450 1904 adimplere,
464 1835 582 1898 seertriur
595 1834 696 1904 poterit
707 1834 789 1891 arbor
807 1834 909 1891 sterilis
918 1850 974 1891 vion
985 1834 1081 1890 imme·
1098 1808 1183 1893 Bnos
1205 1836 1232 1891 in
1261 1832 1445 1891 testimonium
1474 1831 1590 1888 iacimus
1614 1830 1768 1898 reservari,
1797 1831 1923 1887 convinci

289 1925 345 1981 ritb
359 1925 517 1983 formidare.
542 1926 574 1983 st
587 1941 653 1983 vero
665 1927 781 1998 elegeris
804 1930 895 1998 potius
915 1925 1039 1990 obedire,
1054 1934 1081 1982 te
1131 1931 1231 2003 poterit
1258 1929 1395 1985 innostra
1419 1926 1567 1997 praesentia
1595 1925 1779 1987 constitutus,
1801 1924 1923 1980 seribere

287 2025 418 2089 tanquam
429 2018 611 2076 venerabilem
630 2019 743 2075 lratrem
771 2027 895 2073 nostrum
915 2026 943 2076 ct
961 2019 1081 2074 horrore·
1131 2035 1186 2078 non
1199 2018 1321 2091 expavit.
1337 2014 1473 2073 Praeterea
1485 2030 1546 2071 cum
1565 2015 1638 2070 idem
1649 2014 1780 2085 episcopo
1790 2026 1861 2085 saepe
1875 2014 1922 2069 de-

287 2109 344 2167 bile
358 2111 514 2181 apostolieae
524 2110 597 2168 sedis
608 2110 761 2169 membrum
776 2110 914 2166 bonorare
922 2109 1081 2167 curabimus
1131 2114 1251 2171 derimus
1265 2110 1293 2166 in
1311 2108 1448 2166 mandatis
1469 2117 1499 2163 ιιι
1511 2106 1673 2163 clarissimo
1697 2107 1725 2161 iu
1744 2105 1855 2162 Christo
1868 2106 1922 2163 illis

286 2208 315 2255 ct
330 2198 419 2257 taliter
433 2199 603 2257 studebimus
612 2202 772 2268 contovere,
786 2201 859 2271 qnod
868 2198 968 2257 tedere
983 2209 1010 2257 te
1025 2216 1079 2257 arou
1130 2211 1228 2260 nostro
1246 2198 1342 2255 illustri
1357 2200 1413 2273 regi
1431 2199 1578 2271 llungarite
1592 2199 1645 2254 dno
1657 2197 1743 2253 millia
1759 2211 1921 2265 marcarum,

285 2299 416 2361 poterunt
423 2291 514 2362 jacula
528 2306 588 2362 que
603 2293 744 2350 formidas.
1131 2310 1201 2367 qrras
1211 2294 1300 2350 eidem
1312 2293 1455 2349 restituere
1467 2298 1635 2363 procuraret,
1652 2291 1754 2360 quibus
1769 2304 1818 2360 pro
1830 2286 1923 2345 fliero-

322 2384 418 2439 llatnm
428 2382 567 2452 Laterani,
581 2400 609 2441 vr
621 2386 684 2443 ldus
697 2383 870 2454 Novembris,
884 2400 957 2443 aeno
971 2386 1080 2458 quisito,
1130 2384 1292 2457 solymitauo
1311 2382 1416 2453 {itinere
1437 2381 1593 2453 peragendo
1615 2379 1684 2437 idem
1704 2394 1754 2435 rer
1777 2378 1921 2450 plurimum

638 2476 734 2534 Llllll.
1130 2474 1277 2547 indigebat,
1288 2472 1345 2545 ipse
1357 2473 1385 2529 id
1398 2488 1451 2529 uon
1464 2472 1551 2529 solum
1564 2469 1672 2527 elllcerc
1686 2486 1739 2527 uon
1752 2470 1920 2540 procuravit,

442 2584 536 2626 roauru
548 2586 609 2627 neor
626 2584 767 2628 ancnouua
783 2586 917 2629 retusrm.
1130 2570 1177 2625 sed
1193 2583 1243 2625 nec
1261 2568 1344 2624 etiam
1366 2580 1496 2639 supereo
1516 2566 1643 2637 dignatus
1668 2574 1710 2619 est
1725 2562 1805 2618 nobis
1826 2561 1923 2619 litteris

321 2659 382 2717 lion
408 2660 491 2718 debet
515 2662 562 2717 alii
590 2663 711 2720 debitum
734 2664 871 2736 denegare
896 2665 942 2737 qui
960 2664 995 2721 ab
1016 2665 1078 2721 aliis
1130 2660 1172 2716 vel
1187 2659 1288 2716 nuntiis
1302 2657 1479 2730 respondere,
1492 2664 1616 2727 patenter
1627 2654 1776 2713 ostendeus
1790 2670 1821 2711 se
1840 2670 1915 2710 man-

286 2756 360 2826 gvod
373 2755 425 2811 sibi
436 2754 553 2817 debetur
570 2756 691 2827 postulat
706 2758 841 2814 exbiberi.
858 2758 972 2827 Quoties
985 2767 1078 2815 antem
1129 2753 1184 2809 dati
1199 2750 1338 2823 apostolici
1353 2760 1577 2821 contemptorem.

286 2856 341 2904 tuae
358 2847 499 2904 serenitati
517 2849 711 2920 scripserimus
725 2860 755 2907 ut
769 2852 933 2910 charissimo
948 2853 977 2909 in
991 2850 1074 2908 Cbri·
1164 2844 1207 2900 lld
1221 2843 1291 2907 baec.
1315 2842 1379 2897 licei
1401 2840 1491 2897 eidam
1515 2839 1599 2895 suerii
1624 2841 1659 2894 ab
1684 2836 1834 2910 dimidie*
1856 2836 1920 2893 ΜΕ

286 2948 330 2997 sto
346 2938 403 2999 illio
417 2949 512 2998 nostro
528 2940 629 2998 illustri
653 2946 710 3015 regi
725 2942 819 3002 Ottoui
838 2945 865 3000 in
890 2945 1077 3001 Romanorum
1130 2946 1297 3011 praeceptura
1311 2934 1496 3007 utpecuniam
1511 2946 1593 3004 quam
1606 2930 1701 3003 inique
1719 2936 1862 3001 receperat
1873 2943 1922 3000 pro

286 3030 591 3102 inpentoreneteero,
609 3022 825 3104 nepoti-tuo,ea
840 3034 1077 3107 quaeiuclgtrere·
1131 3030 1319 3100 redemptione
1349 3026 1458 3098 inclytae
1484 3023 1683 3081 reeordationis
1709 3022 1823 3077 Ricardi
1852 3021 1922 3091 regis

287 3122 454 3180 cordationis
465 3122 617 3182 llicbardus
632 3140 681 3182 res
692 3125 842 3198 Auglorurn
854 3133 1078 3200 gerruanustuus
1092 3153 1114 3213 C
1130 3122 1278 3195 anglorum
1304 3118 1481 3192 injustissime
1507 3117 1580 3187 cepti
1604 3115 1638 3172 de
1650 3112 1782 3172 Crucidei
1810 3112 1921 3169 servitio

286 3213 314 3270 ei
327 3214 465 3286 legaverat
486 3216 642 3283 eslribercs,
658 3227 705 3274 tua
729 3219 864 3275 serenitas
887 3232 942 3274 non
957 3219 1077 3290 ignorat
1130 3214 1283 3278 redeuntis,
1297 3210 1374 3279 errius
1396 3217 1539 3280 captores,
1564 3205 1718 3262 detentores
1743 3215 1772 3258 et
1801 3202 1920 3260 lautores

286 3303 424 3374 Quantum
438 3316 530 3363 autem
559 3305 754 3376 proiecerinnus
789 3322 841 3378 per
865 3308 969 3365 litteras
997 3322 1080 3379 super
1129 3319 1223 3361 eorum
1248 3302 1371 3359 Romana
1396 3298 1516 3355 Ecclesia
1542 3293 1833 3354 excommunicationis
1861 3294 1919 3348 rin-

287 3398 341 3453 boc
369 3396 451 3453 toties
477 3396 631 3468 replicatas,
651 3395 716 3455 lacti
748 3399 886 3455 evidentia
910 3399 1078 3456 manifestat.
1128 3397 1190 3454 culo
1206 3395 1360 3462 innodavit,
1375 3391 1517 3448 restituere
1530 3403 1583 3445 non
1601 3386 1737 3451 differret,
1753 3388 1812 3456 ipse
1833 3395 1918 3442 tamen

287 3486 362 3545 Sane
389 3489 414 3545 si
446 3486 513 3559 (guid
533 3498 580 3544 tuo
607 3489 749 3560 expediret
777 3490 876 3546 leonori
906 3490 998 3548 debita
1022 3505 1080 3546 rne-
1129 3497 1158 3546 et
1179 3486 1276 3542 animm
1297 3499 1353 3541 snm
1379 3480 1494 3538 salutem
1519 3487 1698 3551 postponens,
1726 3478 1771 3534 eui
1794 3477 1919 3535 debuerat

287 3578 420 3637 ditatione
447 3594 588 3652 pensares,
621 3595 676 3636 aon
703 3580 791 3638 solum
817 3597 878 3653 quae
902 3581 955 3655 ipsi
969 3583 1006 3638 ab
1022 3582 1078 3639 alio
1129 3587 1238 3648 recepta
1266 3575 1355 3632 taliter
1382 3573 1526 3630 restituere
1548 3585 1597 3642 per
1612 3571 1748 3642 seipsum,
1763 3579 1793 3626 et
1815 3579 1918 3642 aposto·

286 3657 351 3727 suat'
364 3670 453 3740 legata
478 3669 639 3740 jamdudum
670 3669 697 3726 ei
725 3671 785 3726 sine
814 3671 994 3729 diminutione
1012 3688 1080 3745 qua·
1129 3669 1181 3727 lica
1205 3668 1332 3726 mandata
1350 3665 1480 3738 replicata
1501 3664 1599 3734 saepias
1629 3663 1850 3734 parvipendens,
1874 3679 1917 3735 pe·

285 3757 354 3817 libet
362 3759 468 3816 solvere
494 3757 646 3824 debuisses,
672 3760 722 3816 sed
742 3759 838 3816 elllcas
870 3760 896 3817 ei
928 3761 1078 3818 subsidium
1129 3761 1237 3818 cuniam
1270 3759 1357 3832 ipsam
1393 3759 1537 3815 restituere
1571 3771 1625 3812 uon
1655 3757 1774 3813 curarit.
1803 3755 1917 3814 obtentu

286 3861 344 3907 tarn
361 3851 390 3907 ia
412 3851 628 3922 personisquam
655 3852 737 3910 rebus
760 3852 887 3924 regaliter
902 3852 1080 3921 ministrare;
1130 3853 1242 3923 iusuper
1271 3851 1424 3908 litterarum
1459 3849 1606 3914 salsarum,
1629 3863 1699 3920 quas
1726 3847 1818 3904 nullus
1849 3863 1918 3906 saue

286 3957 350 4002 eam
364 3944 472 4009 credas,
489 3949 520 3998 ut
545 3943 693 4013 credimus,
716 3944 772 4000 imo
795 3944 881 4009 noris.
898 3953 929 4002 ut
942 3944 1078 4010 novimus,
1130 3942 1230 3999 mentis
1245 3941 1357 3998 eredere
1371 3941 1530 3998 debuerata
1548 3939 1629 3998 nobis
1646 3939 1820 4010 aliquatenus
1847 3955 1915 3998 eme

286 4036 394 4105 aliquos
416 4043 511 4091 contra
529 4049 603 4102 eum,
634 4049 688 4092 non
720 4036 748 4092 in
777 4035 869 4093 odium
883 4050 1016 4107 persone,
1030 4039 1079 4094 sed
1130 4047 1225 4100 nasse,
1254 4032 1400 4104 predictus
1434 4033 1577 4106 episeopus
1608 4047 1670 4088 curn
1699 4033 1868 4105 Frisingensi
1891 4041 1916 4088 et

286 4125 436 4198 sauguinis,
445 4125 564 4198 graviter
573 4129 750 4193 commoveri,
760 4141 816 4183 non
828 4135 884 4184 tam
893 4128 983 4200 ipsum
995 4143 1078 4199 quarn
1131 4122 1293 4181 lleistetensi
1315 4123 1449 4194 episcopis
1461 4122 1643 4181 venerabilem
1669 4123 1783 4180 lratrern
1799 4135 1916 4180 nostum

288 4219 359 4275 teia
372 4231 417 4287 eo,
431 4217 474 4274 rel
487 4218 574 4290 ipsum
586 4234 637 4291 pro
658 4231 685 4278 te
705 4219 803 4277 ledere
816 4220 966 4291 cupientes.
984 4220 1078 4278 llone·
1131 4214 1729 4288 llaguutinumarebiepiscopuniiulavorem
1751 4215 1916 4272 adversario-
2031 4255 2032 4290 ,

287 4323 350 4364 mus
363 4308 446 4376 igitur
458 4308 631 4365 serenitatem
643 4311 746 4382 regiam
758 4321 787 4368 et
799 4312 976 4369 exhortamur
988 4318 1077 4368 atteu-
1131 4321 1191 4362 rum
1204 4320 1316 4362 suorum
1324 4306 1357 4362 ad
1364 4308 1622 4378 snampraesentiam
1632 4309 1720 4365 citare
1733 4307 1915 4377 presumpsit,

290 4399 346 4454 tlus
358 4405 495 4468 quatenos
509 4398 612 4455 nuntiis
627 4401 700 4470 regis
713 4401 835 4470 eiusdem
853 4401 972 4474 legatum
988 4403 1077 4475 ipsum
1131 4413 1254 4455 cumnon
1263 4399 1564 4470 debueritaliquatenus
1574 4399 1701 4470 ignorare
1709 4400 1916 4472 quodqnaesuat

288 4505 353 4549 eom
366 4489 524 4563 integritate
536 4490 694 4567 persolvas,
715 4500 818 4551 etcum
840 4509 892 4552 nos
912 4495 937 4553 ei
951 4494 1009 4565 jam
1026 4511 1078 4568 pu·
1092 4491 1230 4562 piudlcio
1242 4493 1316 4550 sedis
1328 4493 1483 4564 apostolicae
1497 4493 1655 4560 terminata,
1672 4507 1755 4562 snpra
1771 4508 1854 4564 quam
1865 4507 1913 4549 aaa

286 4580 359 4638 bllee
369 4578 490 4638 favore·
505 4580 686 4654 apostolicum
697 4582 896 4654 lmpendamus,
914 4594 941 4640 ta
966 4601 1077 4658 quoque
1127 4595 1217 4658 potest
1230 4585 1329 4657 aliquis
1341 4583 1481 4641 hominnm
1492 4583 1626 4654 judicare,
1637 4599 1691 4640 non
1715 4591 1912 4641 consueverunt

286 4673 316 4729 lu
339 4670 402 4744 eius
423 4672 556 4731 auxilium
568 4681 695 4744 potenter
709 4688 743 4731 ae
763 4673 893 4745 regaliter
911 4675 1075 4747 accingaris.
1133 4681 1305 4751 postmodum
1317 4675 1515 4749 alieuoiudicio
1527 4676 1881 4749 retractari.Pmpterquod
1892 4677 1912 4731 si

286 4765 427 4836 alioqum,
438 4765 635 4822 districtionem
643 4767 896 4838 quamveuerabilis
906 4765 994 4824 lrater
1005 4767 1077 4826 dan·
1126 4768 1330 4842 vigeretinipso
1340 4767 1585 4838 illadiseretioquae
1593 4765 1716 4835 deberet,
1724 4766 1824 4824 saltem
1833 4765 1912 4824 delit-

277 4856 434 4913 ,tuariensis
447 4857 667 4929 archiepiscopus
681 4858 856 4930 propterboc
869 4858 1077 4920 duxeritexer-
1127 4863 1193 4919 teris
1217 4861 1287 4929 illis,
1315 4861 1446 4918 debuerat
1476 4857 1599 4916 dubitare
1624 4874 1685 4930 quae
1713 4868 1811 4916 contra
1834 4857 1912 4930 justi·
2030 4921 2031 4934 χ

288 4949 415 5018 mndata,
424 4956 512 5004 ratam
527 4948 795 5021 laberlrolumuset
806 4949 980 5023 precipimus
988 4950 1076 5008 invio·
1129 4953 1193 5012 tiara
1201 4951 1350 5009 etlormam
1359 4951 1431 5008 sedis
1440 4951 1597 5022 apostoliea
1607 4951 1910 5023 saperedlgaoscnntnr,
2030 4942 2031 4969 ¹

286 5038 405 5095 labiliter
416 5039 570 5097 observari.
1126 5054 1174 5104 eta
1184 5045 1262 5103 nobis
1274 5043 1411 5116 inquirere
1424 5043 1479 5102 sici
1491 5043 1588 5102 etaliis
1599 5053 1671 5103 esset
1679 5059 1728 5116 per
1739 5043 1801 5102 illas
1811 5044 1912 5102 litteras

322 5129 422 5188 batum
434 5130 574 5205 Laterani,
586 5148 604 5189 v
618 5133 677 5191 liat.
686 5132 801 5206 Aprilis,
812 5146 886 5191 euno
896 5133 1003 5207 quisito.
1125 5136 1340 5210 procedendum
1363 5136 1411 5193 sed
1432 5138 1465 5194 ad
1484 5135 1741 5209 exsequendaiusta
1757 5143 1787 5194 et
1800 5135 1911 5194 bonesta

640 5223 722 5282 LXX.
1125 5226 1252 5282 mandata
1267 5233 1378 5292 nostra,
1393 5223 1464 5282 sicut
1476 5225 1566 5297 operis
1584 5223 1754 5282 exhibitione
1767 5225 1910 5290 clarescit,
2029 5257 2030 5264 ι

320 5367 326 5380 ,
465 5327 656 5373 samurssrsr
674 5331 892 5376 amasaecoeo.
1125 5317 1245 5389 tepidum
1261 5331 1292 5374 se
1301 5316 1411 5374 exbibet
1434 5328 1462 5374 et
1476 5319 1636 5386 remissum
1649 5333 1682 5375 ea
1706 5333 1772 5375 vero
1784 5332 1836 5388 per
1854 5332 1912 5388 que

320 5399 458 5470 Quanmm
479 5407 650 5464 venerabilis
674 5408 760 5465 irater
785 5418 879 5468 noster
905 5405 1075 5466 Pataviensis
1123 5417 1216 5480 posset
1231 5408 1332 5481 aliquid
1344 5408 1372 5464 in
1386 5417 1573 5480 contemptum
1585 5417 1614 5465 et
1631 5408 1828 5464 detrimentum
1841 5407 1912 5464 sedis

286 5492 429 5565 episcopus
442 5495 578 5552 invenerit
589 5497 705 5568 gratiam
723 5497 753 5554 in
772 5497 988 5564 oculisnostris,
1009 5513 1074 5555 eum
1124 5495 1279 5566 apostolieae
1292 5497 1422 5553 attentari
1437 5535 1444 5562 ,
1461 5511 1512 5568 pro
1532 5511 1615 5568 posse
1631 5498 1732 5569 satagd
1743 5497 1873 5554 celeriter
1885 5505 1912 5552 et

286 5581 422 5640 innostra
443 5592 515 5641 asset
535 5590 679 5658 presentia
692 5589 877 5655 constitutas,
900 5598 928 5645 et
941 5597 1072 5660 qnantum
1123 5587 1269 5643 ellicaciter
1289 5585 1449 5657 adimplere.
1466 5585 1545 5648 llntle
1563 5587 1758 5659 ‚licetquidarp
1772 5585 1808 5644 de
1832 5583 1912 5642 dictis

288 5669 557 5731 eietbceleslaesuar
568 5677 818 5745 persectaritatem
830 5677 1073 5749 sedisapostolicae
1123 5677 1279 5734 ereemlbus
1290 5677 1344 5734 siut
1356 5676 1423 5733 adeo
1431 5673 1568 5737 manilesti
1580 5677 1653 5750 quod
1661 5677 1689 5733 ia
1703 5677 1847 5749 prelatum
1858 5675 1911 5732 Pa·
2028 5685 2029 5688 ’

288 5761 423 5819 commodi
436 5766 592 5834 provenerit
604 5776 633 5824 et
645 5768 768 5840 lionoris,
782 5785 798 5825 a
812 5785 861 5828 sua
876 5777 931 5829 tan
943 5767 999 5826 cito
1017 5785 1071 5828 nou
1125 5767 1437 5840 taciensemopiscopum
1451 5783 1592 5842 possemus
1607 5767 1710 5840 dejure
1724 5767 1913 5843 graviterria·
