4109 6325
261 344 332 401 llll»

670 336 841 392 APl‘lINlth
860 337 907 392 Ab
928 332 1161 390 useestoutttt
1182 330 1329 388 Pthlle
1348 329 1481 388 LtuttttS.

1825 336 1897 392 itte

260 459 360 518 multos
375 457 473 528 decipit
494 449 642 521 simplices,
659 458 687 505 et
700 446 830 518 quosdam
850 447 954 501 seducit
970 458 1044 500 asur·
1063 454 1214 512 acervata,
1235 453 1340 516 quanto
1359 444 1445 513 magis
1470 443 1515 513 qui
1534 443 1695 502 oberrantes
1717 447 1746 501 in
1769 449 1822 505 dile
1839 453 1895 506 llo·

261 563 315 616 tos,
335 552 422 606 facttts
437 546 566 614 magister
578 541 681 598 erroris
698 539 743 610 qui
761 554 815 592 non
830 538 920 592 fuerat
931 538 1050 605 discipu-

263 644 304 699 lus
320 639 454 696 veritatis.
472 635 511 692 lle
529 645 620 689 antem
637 645 703 696 nos,
724 629 769 699 qni
787 629 851 684 lieet
867 629 938 683 circa
955 630 1051 684 boram

262 733 447 796 undecimam,
463 730 534 784 iuter
546 722 686 794 operarios
701 731 803 784 tamen,
819 721 873 776 imo
888 735 971 789 super
985 735 1051 789 ope·

263 824 352 879 rarios
362 822 449 876 vinee
462 817 569 874 Domini
585 815 704 870 Sabaoth
719 828 814 868 sumus
828 826 842 864 a
856 810 1052 879 patrefamilias

261 913 419 985 evangelico
436 910 572 982 deputati,
590 917 618 964 et
638 906 737 978 quibus
756 917 789 959 ex
812 903 900 960 ofhclo
920 902 1052 973 pastorali

263 1013 328 1063 scrut
352 1020 417 1060 ores
442 1002 544 1060 Cirristi
569 1003 739 1069 commisse,
760 1015 811 1056 nec
835 1011 934 1066 capere
958 995 1053 1065 vulpes

264 1094 441 1153 demolientes
462 1095 569 1150 rlrream
591 1093 697 1149 bonriui
726 1108 778 1149 nec
800 1105 895 1147 arcere
919 1088 997 1159 lupos
1018 1087 1053 1142 ab

263 1187 360 1245 oribus
379 1187 532 1250 uideamur,
554 1194 582 1239 ct
606 1185 641 1242 ob
661 1184 711 1240 hoc
732 1184 831 1240 merito
850 1179 943 1236 uocari
962 1177 1053 1248 possi·

264 1294 326 1334 mus
337 1292 420 1332 canes
432 1276 498 1332 muti
515 1291 569 1330 non
587 1276 709 1331 valentes
725 1274 836 1340 latrare,
856 1287 889 1326 ac
905 1271 1053 1342 perdamur

266 1368 424 1427 summatis
446 1368 582 1438 agricolis,
606 1377 633 1421 ct
658 1364 828 1422 mercenario
846 1374 1052 1431 comparemur,

264 1470 360 1519 coirtra
381 1460 552 1524 defensores,
574 1465 770 1528 receptatores,
795 1454 917 1510 fautores
942 1461 970 1506 et
994 1464 1054 1505 cre·

264 1556 361 1612 dentes
379 1553 568 1609 hereticorum
588 1550 690 1620 aliquid
706 1547 828 1604 severius
848 1543 975 1600 duximus
996 1551 1054 1598 sta·

265 1647 410 1711 tuendum:
424 1654 454 1700 ut
468 1645 514 1714 qui
529 1657 577 1714 per
593 1657 623 1698 so
640 1641 674 1696 ad
692 1640 763 1694 riam
787 1634 958 1693 rectitudinis
974 1647 1052 1688 reru·

265 1735 322 1790 cari
342 1747 395 1788 non
417 1740 546 1804 possunt,
562 1732 590 1785 in
612 1729 670 1784 suis
691 1727 789 1782 saltem
813 1723 1053 1780 defensoribusct

1101 539 1168 594 rtrirri
1181 537 1227 594 bel
1242 535 1340 591 filium
1353 534 1445 590 tesam
1456 535 1595 590 Christum
1609 536 1762 606 offendunt,
1775 556 1789 596 a
1805 545 1896 612 capite

1102 638 1210 692 nostro,
1234 626 1305 698 quod
1339 633 1381 680 cst
1404 623 1551 692 Christus,
1578 626 1768 684 ecclesiastica
1795 631 1895 686 debent

1102 717 1270 774 districtione
1291 715 1400 788 praecidi
1423 725 1451 770 et
1472 715 1551 771 bouis
1572 719 1744 786 temporibus
1764 721 1895 790 spoliari,

1103 825 1165 865 cum
1185 809 1264 880 lunge
1281 808 1318 862 sit
1337 807 1446 879 grauius
1464 816 1594 864 eternam
1609 825 1691 880 quam
1715 814 1899 882 temporalem

1102 899 1200 955 ledere
1219 896 1401 966 majestatem.
1418 897 1473 954 llec
1485 897 1566 967 hujus
1583 902 1739 957 severitatis
1752 917 1895 958 censuram

1103 989 1316 1045 orthodoxorum
1345 989 1427 1045 ctiam
1456 991 1644 1046 exheredatio
1673 991 1793 1048 liliorum
1818 994 1896 1064 quasi

1102 1078 1241 1150 eujusdam
1256 1079 1437 1137 miserationis
1449 1089 1585 1149 pretextu
1600 1080 1682 1138 dehet
1695 1083 1832 1140 ullatenus
1846 1089 1897 1140 im·

1103 1171 1205 1243 pedire,
1220 1187 1281 1226 cum
1296 1170 1322 1225 iu
1339 1171 1431 1228 multis
1444 1173 1552 1230 casibus
1563 1174 1645 1230 etiam
1659 1178 1814 1232 secundum
1827 1180 1895 1235 iliri-

1104 1279 1168 1320 num
1189 1263 1319 1335 judicium
1343 1263 1390 1318 lilii
1414 1280 1463 1335 pro
1485 1266 1610 1335 patribus
1634 1267 1822 1338 temporaliter
1847 1286 1899 1338 pu-

1104 1357 1223 1424 niantur,
1244 1364 1272 1410 et
1290 1357 1366 1426 juxta
1392 1357 1537 1413 canonicas
1557 1359 1712 1415 sanctiones
1731 1361 1898 1431 quaudoque

1105 1449 1208 1504 feratur
1227 1446 1294 1502 ultio
1317 1464 1371 1503 non
1392 1449 1479 1504 solum
1502 1449 1530 1504 iu
1555 1459 1679 1506 auctores
1697 1452 1831 1508 scelerum
1846 1455 1897 1508 sed

1104 1548 1132 1594 et
1144 1539 1170 1594 iu
1186 1540 1344 1610 progeniem
1362 1539 1564 1596 damnatorum.
1586 1541 1758 1597 Deceruhuus
1778 1553 1904 1613 ergo,...'

1105 1639 1204 1686 nostre
1218 1630 1389 1686 inhibitionis
1403 1639 1431 1686 et
1444 1631 1657 1698 constitutionis,
1672 1615 1726 1690 etc.

1385 1721 1535 1778 titulus
1554 1722 1622 1778 ttttt.

265 1825 417 1881 fautoribus
443 1839 476 1880 ac
495 1824 576 1880 etiam
598 1822 770 1878 credentibus
791 1818 1005 1882 confrrudantur3
1024 1794 1090 1870 etB
1410 1811 1447 1868 fle
1461 1812 1591 1882 falsariis.

265 1934 327 1973 cum
341 1933 370 1974 se
387 1916 505 1972 viderint
523 1915 557 1971 ab
572 1915 726 1970 bominibus
744 1911 860 1976 evitari,
881 1907 1053 1966 reconciliari
1126 1919 1188 1960 rasa
1206 1919 1318 1960 assensi
1330 1919 1536 1960 nncurnrtscoro
1551 1921 1587 1960 er
1601 1921 1661 1960 erus
1676 1919 1878 1962 sparnacensis.

265 2005 420 2062 desiderent
435 2003 545 2061 unitati.
564 2003 603 2058 lle
621 2003 757 2058 corirrnuui
781 2015 847 2072 crgo
868 2000 984 2054 fratrum
1005 2011 1055 2052 uo·
1141 1995 1199 2068 (ld)
1218 1996 1289 2051 bura
1304 2010 1376 2066 sepe
1387 1997 1512 2052 mandata
1526 2006 1554 2052 et
1564 1996 1751 2051 institutiones
1766 1995 1900 2048 interdum

266 2107 383 2150 strorum
394 2094 519 2160 consilio,
532 2108 648 2148 assensn
662 2106 770 2163 quoque
784 2091 1054 2160 archiepiscoporum
1106 2087 1213 2156 iniquas
1227 2103 1242 2141 a
1264 2085 1328 2143 sede
1342 2087 1491 2156 apostoliea
1509 2103 1638 2144 emanare
1652 2087 1729 2142 urulti
1748 2097 1863 2156 arguunt
1873 2093 1902 2139 et

265 2197 294 2244 ct
315 2187 504 2258 episcoporum
528 2185 600 2256 apud
622 2185 716 2240 sedem
737 2184 913 2255 apostolicam
938 2182 1056 2237 eristen·
1106 2179 1252 2243 mirantur,
1265 2188 1293 2232 et
1309 2180 1336 2234 in
1349 2180 1401 2234 hoc
1412 2180 1437 2236 ei
1451 2180 1557 2252 culpam
1577 2181 1719 2249 imponunt
1735 2181 1762 2234 in
1778 2193 1833 2249 quo
1845 2178 1901 2232 siu·

267 2277 346 2344 tium,
365 2275 514 2333 districtius
534 2275 690 2331 inhibemus
711 2288 745 2329 ne
767 2275 828 2343 quis
845 2273 989 2329 hereticos
1009 2285 1055 2326 re·
1106 2269 1207 2323 ceritas
1230 2270 1289 2341 ejus
1312 2270 1398 2342 culpe
1420 2285 1531 2340 prorsus
1548 2272 1640 2342 ignara
1656 2285 1705 2340 per
1717 2269 1898 2325 hruoceutianr

266 2379 378 2439 ceptare
391 2366 594 2438 quomodolibet
608 2365 649 2421 uel
660 2365 807 2421 defendere
820 2375 867 2418 aut
883 2363 950 2433 ipsis
964 2361 1057 2416 farere
1106 2369 1264 2415 excusatur.
1281 2359 1336 2415 lllos
1362 2364 1463 2417 etenim
1489 2363 1562 2416 circa
1589 2362 1695 2433 rrcgotia
1719 2361 1824 2432 majore
1851 2359 1903 2415 frc-

267 2459 310 2514 uel
333 2457 444 2512 credere
465 2457 657 2528 quoquomodo
678 2465 841 2528 presumat;
864 2453 992 2524 presenti
1010 2453 1057 2508 de·
1107 2450 1234 2519 quentius
1247 2451 1387 2520 occupati,
1401 2462 1429 2506 et
1445 2467 1538 2505 curam
1556 2452 1747 2507 iruiuorsorum
1767 2466 1803 2507 ex
1816 2449 1902 2504 officio

267 2560 342 2606 creto
356 2549 471 2605 frrniter
486 2559 638 2606 statuentes
661 2558 691 2605 ιιι
710 2549 733 2604 si
757 2547 819 2620 quis
835 2547 938 2617 aliquid
957 2546 1056 2601 horum
1107 2553 1200 2598 nostro
1212 2553 1350 2612 gerentes,
1365 2558 1414 2614 per
1431 2545 1503 2615 quod
1527 2558 1621 2600 suiuus
1641 2543 1770 2598 omeribus
1798 2541 1902 2598 debito-

269 2637 361 2695 facere
382 2624 454 2695 forte
478 2638 697 2708 presumpserit,
716 2637 769 2693 nisi
791 2638 881 2709 primo
903 2634 1058 2692 secundove
1109 2649 1152 2690 res
1166 2649 1227 2690 cum
1243 2633 1368 2691 omnibus
1386 2618 1456 2706 a'pud
1479 2651 1528 2692 nos
1544 2634 1708 2691 instantibus
1724 2633 1901 2689 incontinenti

267 2731 449 2787 commonitus
460 2746 474 2784 a
486 2745 536 2786 sua
545 2745 626 2799 super
638 2731 690 2785 boc
698 2730 834 2785 curaverit
845 2727 1057 2799 praesumptione
1107 2723 1265 2782 satisfacere
1278 2740 1331 2780 non
1349 2726 1494 2795 possimus,
1507 2725 1630 2795 quidam,
1642 2740 1674 2780 co
1687 2726 1760 2795 quod
1776 2741 1792 2778 a
1805 2725 1901 2779 sentite

267 2831 375 2872 cessare
398 2818 458 2887 ipso
476 2813 537 2884 iure
564 2817 601 2870 sit
626 2814 714 2870 factus
732 2811 857 2880 infamis,
877 2828 928 2869 nec
950 2813 983 2868 ad
1007 2827 1057 2882 pu·
1104 2816 1215 2888 justitie
1233 2818 1407 2886 oberrantes,
1421 2828 1470 2872 aut
1495 2821 1563 2874 ultra
1577 2818 1805 2888 ‹puarnpenuittit
1819 2817 1903 2871 bone-

267 2907 338 2962 blica
351 2905 437 2962 officia
452 2906 494 2962 rel
509 2906 623 2962 consilia
639 2905 780 2961 civitatum
797 2919 849 2960 nec
866 2904 901 2960 ad
915 2903 1057 2976 eligendos
1107 2918 1164 2964 stas
1177 2923 1232 2964 sne
1247 2909 1386 2980 petitionis
1402 2907 1540 2966 licentiam
1565 2911 1762 2975 extendentes,
1776 2909 1901 2964 exaudiri

268 2997 373 3068 ¹¹ltl¹¹⁰³
387 2996 420 3052 δᾶ
435 2995 589 3066 ¹¹¹¹Jl¹⁸1¹¹⁰¹¹i
605 3011 655 3052 ¹¹00
670 2997 704 3051 Μ]
724 2995 911 3051 ῑθὸῑῑΰὶθῐιῑΰιιὶ
925 2995 1056 3050 admitta—
1107 3016 1162 3058 non
1177 3011 1306 3073 possunt,
1321 3002 1346 3056 in
1367 3008 1469 3057 titolum
1483 3002 1623 3072 proprium
1644 3001 1793 3056 voluntatis
1803 3001 1903 3056 irrum-

269 3101 322 3146 tur.
340 3089 382 3146 stt
401 3089 482 3146 etiam
502 3089 677 3156 intestabilis,
696 3105 748 3146 nec
769 3089 803 3144 ad
818 3087 984 3144 baereditatis
995 3103 1091 3185 suc-G
1108 3102 1184 3164 punt,
1198 3101 1226 3148 et
1240 3093 1274 3148 ad
1284 3109 1333 3148 sua
1346 3091 1455 3163 ingenia
1470 3091 1596 3148 falsitatis
1608 3101 1637 3148 et
1649 3103 1723 3148 artes
1743 3093 1903 3164 perditionis

269 3185 418 3241 cessionem
429 3183 549 3239 accedat.
565 3181 659 3238 huillus
671 3192 803 3253 preterea
818 3184 869 3255 ipsi
883 3195 995 3256 cogatur
1008 3200 1056 3241 su·

269 3290 318 3346 per
330 3288 492 3344 quocunque
506 3274 614 3345 negotio
630 3272 805 3345 respondere.
831 3272 946 3340 Quodsi
963 3275 1055 3332 forsau

269 3368 352 3437 ludex
370 3366 522 3432 exstiterit,
542 3366 601 3435 ejus
624 3356 788 3421 sententiam
811 3364 915 3420 nullam
935 3367 1057 3423 obtineat

269 3458 437 3523 firmitatem,
457 3473 510 3513 nec
528 3472 617 3513 cause
636 3456 734 3526 alique
757 3458 791 3512 ad
811 3456 870 3525 ejtts
891 3458 1056 3514 audientiam

269 3548 452 3619 perferantur.
469 3548 497 3603 Si
518 3547 600 3602 frrerit
617 3548 782 3613 advocatus,
800 3548 859 3618 cjiu
876 3547 1057 3617 patrocinium

271 3640 425 3698 nullatenus
441 3639 615 3705 admittatur;
631 3638 654 3694 sl
668 3637 786 3704 tabellio,
800 3638 977 3695 iustrumenta
992 3655 1058 3696 con·

273 3731 341 3789 fecta
355 3748 404 3803 per
422 3732 510 3802 ipsum
526 3729 626 3786 nullius
646 3729 754 3801 penitus
773 3730 829 3785 sint
843 3732 993 3797 momenti,
1011 3732 1059 3787 sed

271 3839 332 3877 cum
344 3833 455 3877 auctore
465 3824 593 3877 damnato
605 3822 779 3876 damnentur.
791 3820 819 3874 ln
833 3822 967 3877 similibus
976 3822 1058 3877 etiam

270 3911 341 3967 idem
363 3910 535 3981 precipimus
546 3908 697 3965 obsecrari.
711 3908 740 3964 Si
755 3924 820 3963 uero
831 3909 949 3966 clericus
965 3911 1057 3979 luerit,

271 3999 306 4054 ab
320 3999 394 4054 omni
409 3998 496 4055 officio
516 4010 543 4054 ct
559 4000 691 4057 beneflcio
704 4001 870 4072 deportatum
886 4011 917 4056 ut
929 4016 984 4072 qno
1001 4016 1060 4056 ma·

271 4092 372 4163 forest
392 4090 480 4161 culpa,
498 4093 608 4164 grauior
627 4101 788 4148 exerceatur
801 4093 931 4149 uindicta.
949 4094 1060 4163 siquis

263 4184 364 4239 'autem
383 4184 464 4249 tales,
486 4193 629 4255 postquam
651 4186 685 4242 ab
705 4187 828 4243 Ecclesia
852 4187 953 4243 luerint
976 4188 1062 4243 deno·

263 4263 333 4344 tati,
357 4276 551 4346 contempserit
569 4278 682 4342 evitare,
705 4280 886 4336 anathematis
904 4294 934 4337 se
953 4280 1060 4336 noverit

272 4365 432 4425 sententiam
448 4366 604 4423 iucurrisse.
616 4368 645 4423 ln
661 4368 743 4424 terris
756 4385 821 4426 uero
835 4380 935 4428 nostre
953 4381 1060 4442 tempo-

1108 3201 1168 3241 cuur
1183 3185 1267 3241 anistri
1281 3185 1417 3255 exquisita
1443 3184 1545 3240 malitia
1560 3196 1751 3252 recurrentes,
1766 3185 1905 3257 perfalsus

1109 3276 1236 3332 astutiam
1249 3274 1347 3346 speciei
1364 3275 1513 3331 candorem
1529 3274 1657 3346 puritatis
1684 3276 1843 3346 apostolice
1857 3276 1904 3331 de-

1110 3368 1216 3438 nigrare
1234 3380 1266 3421 ac
1290 3369 1440 3437 depravare
1464 3366 1597 3424 nituntur.
1614 3366 1652 3422 Ex
1679 3367 1756 3435 crrjtts
1775 3366 1904 3423 falsitatis

1108 3458 1292 3529 ingenioquut
1309 3467 1336 3513 et
1353 3470 1455 3529 quauta
1481 3458 1552 3513 rnala
1571 3460 1749 3528 proventiam,
1769 3474 1832 3513 curn
1855 3474 1902 3527 per

1109 3563 1168 3605 eam
1183 3558 1212 3604 et
1223 3548 1383 3605 innocentes
1395 3549 1557 3620 quarrdoque
1579 3550 1763 3622 damnentur„
1778 3559 1806 3605 et
1820 3551 1857 3606 rei
1871 3552 1904 3604 ab

1109 3640 1223 3711 objectis
1235 3639 1396 3697 criminibus
1412 3639 1598 3708 absolvantur,
1617 3656 1666 3697 nee
1682 3657 1735 3696 nou
1755 3653 1783 3696 et
1796 3652 1903 3713 aposto-

1109 3731 1167 3789 licre
1180 3734 1253 3789 sedis
1273 3733 1389 3789 ledetur
1401 3734 1568 3802 auctoritas,
1584 3736 1642 3805 ipsa
1665 3736 1703 3791 rei
1717 3732 1831 3790 euidens
1846 3752 1902 3788 urar-

1109 3824 1166 3881 litia
1181 3834 1356 3897 protestatur.
1371 3826 1446 3881 Licet
1460 3837 1551 3885 autem
1569 3827 1723 3895 lirrjrrsmodi
1736 3828 1844 3884 falsitas
1855 3829 1902 3882 ali-

1110 3920 1228 3988 quandiu
1242 3918 1329 3988 possit
1348 3934 1409 3974 curu
1422 3920 1549 3990 operibus
1565 3922 1740 3977 terrcbraruru
1754 3920 1900 3985 abscondi,

1111 4017 1202 4063 tamen
1223 4011 1286 4078 quia
1299 4024 1347 4079 per
1359 4024 1419 4065 eam
1433 4011 1520 4067 beatis
1534 4012 1667 4083 apostolis
1682 4012 1840 4083 specialiter
1864 4013 1904 4066 iu·

1111 4100 1199 4156 fertur
1211 4100 1322 4171 injuria,
1336 4102 1381 4158 ille
1398 4117 1413 4157 a
1435 4118 1488 4171 qito
1503 4104 1529 4159 ln
1544 4119 1660 4173 persona
1673 4120 1769 4161 eorum
1783 4104 1903 4159 bourona

1111 4190 1233 4249 Ecclesia
1243 4194 1431 4249 auctoritatem
1444 4211 1525 4267 super
1537 4198 1677 4252 uniuersas
1691 4196 1905 4251 ecclesiasaece

1111 4283 1149 4353 pit
1164 4284 1288 4356 (undeet
1305 4286 1376 4344 bulla
1393 4300 1496 4354 nostra,
1510 4304 1653 4360 perquam
1669 4292 1752 4345 tatius
1766 4289 1904 4345 Clrrlstia·

1111 4376 1204 4431 utitatis
1217 4380 1324 4455 negotia
1336 4392 1463 4450 aguntur,
1477 4381 1597 4451 capitum
1610 4382 1728 4452 ipsorum
1745 4382 1905 4437 charactere

273 4457 323 4513 rall
345 4457 527 4528 jurisdictioni
551 4460 681 4531 subjectis
704 4461 775 4517 bona
802 4477 895 4517 eortrm
916 4463 1060 4520 statuimus
1075 4474 1098 4530 Ι)
1112 4466 1301 4541 praesignatur)
1319 4470 1466 4539 perniciem
1483 4472 1549 4528 tarrti
1567 4472 1678 4527 sceleris
1693 4487 1748 4527 non
1762 4474 1868 4543 patitur
1879 4472 1906 4527 in

274 4549 419 4620 publicari.
444 4550 477 4604 Et
503 4550 530 4605 in
559 4550 621 4608 aliis
642 4551 712 4607 hiem
736 4554 795 4610 fleri
819 4555 990 4625 precipimus
1012 4572 1060 4627 per

273 4650 426 4713 potestates
439 4653 468 4697 ct
487 4645 623 4716 principes
638 4646 799 4713 seculares3
814 4662 882 4717 quos
894 4647 927 4702 ad
941 4648 967 4702 id
982 4664 1061 4705 exse-

274 4732 429 4799 quendum,
449 4734 473 4787 si
490 4734 558 4790 forte
578 4736 744 4806 negligentes
757 4737 920 4798 existerent,
934 4752 983 4807 per
997 4752 1061 4792 ceu·

275 4836 366 4877 suram
385 4825 597 4882 ecclesiasticam
617 4827 797 4898 appellatione
814 4828 963 4897 postposita
984 4843 1060 4884 curu·

273 4915 336 4984 pelli
352 4914 474 4971 volumus
489 4926 518 4973 et
535 4923 704 4975 mandamus.
720 4918 774 4976 Nec
790 4922 823 4975 ad
840 4937 888 4977 eos
900 4922 971 4977 bona
985 4920 1060 4989 ipso·

275 5022 335 5063 rum
350 5007 463 5064 ulterius
473 5018 657 5077 retentantem
670 5012 722 5068 nisi
734 5012 776 5067 bis
784 5013 817 5069 ad
827 5029 874 5069 cor
887 5012 1062 5069 redeuntibus

276 5112 304 5156 et
331 5099 528 5170 abnegantibus
552 5100 742 5160 baereticorum
770 5104 937 5161 consortium
964 5102 1063 5175 aliquis

275 5188 389 5242 soluerit
408 5189 547 5258 urisererl,
564 5203 593 5248 ut
613 5196 771 5264 temporalis
786 5193 882 5250 saltem
898 5208 979 5264 prena
999 5209 1062 5249 cor·

274 5277 357 5349 rlpiat
369 5293 448 5347 quern
466 5280 616 5350 spiritualis
630 5300 685 5340 nou
697 5284 811 5355 corrigit
825 5285 979 5355 disciplina.
994 5284 1063 5341 Cum

274 5370 358 5436 eninr,
374 5374 522 5427 secundum
535 5374 668 5443 legitimas
677 5377 844 5441 sarrctioues,
855 5378 909 5432 reis
922 5376 992 5433 lese
1007 5392 1065 5432 ma·

272 5458 380 5529 feriatis
392 5462 494 5534 punitis
511 5464 610 5534 eapite,
632 5466 702 5521 bona
723 5467 909 5523 confiscentur
928 5468 1061 5539 ipsorum,

276 5562 371 5609 aarum
391 5553 455 5612 filiis
473 5558 527 5611 rita
546 5555 717 5616 solummodo
738 5572 772 5615 ex
791 5560 977 5618 misericordia
997 5575 1065 5619 cau·

314 5725 370 5798 llll)
389 5726 448 5785 bib.
464 5746 493 5797 ιι,
510 5731 587 5804 epist.
601 5734 656 5790 235

1113 4564 1214 4610 tantum
1230 4560 1416 4627 prejudicium
1430 4575 1523 4617 eornm
1537 4562 1645 4633 diutius¹
1656 4562 1802 4618 occultari.
1826 4562 1905 4617 dcci-

1111 4645 1151 4702 dit
1175 4648 1246 4701 enim
1272 4664 1357 4719 nuper
1381 4652 1408 4706 in
1424 4650 1496 4708 Urbe
1521 4654 1595 4722 quod
1620 4654 1729 4722 quidam
1753 4652 1905 4721 huiusmodi

1112 4736 1237 4795 falsitatis
1259 4743 1385 4797 astutiam
1407 4744 1590 4815 perniciosius
1610 4754 1772 4800 exercentes
1800 4745 1827 4798 in
1851 4745 1905 4798 suis

1112 4828 1221 4885 luerttut
1233 4832 1420 4903 iniquitatibus
1440 4834 1646 4903 comprehensi,
1667 4835 1704 4890 ita
1730 4835 1803 4905 qrrod
1818 4834 1904 4889 bullas

1113 4930 1167 4976 tant
1190 4924 1241 4979 sub
1257 4926 1366 4983 riorrriue
1387 4935 1481 4981 nostro
1509 4942 1591 4996 quatu
1615 4928 1694 4983 bitere
1716 4927 1857 4982 memorie
1874 4926 1903 4980 C.

1111 5027 1189 5085 papae
1202 5017 1407 5085 predecessoris
1422 5019 1520 5083 nostri,
1535 5033 1605 5089 quas
1622 5018 1691 5073 falso
1706 5018 1904 5081 confluxerant,

1113 5115 1139 5158 et
1159 5104 1331 5175 quamplures
1355 5108 1461 5163 litteras
1473 5108 1553 5163 bullis
1576 5109 1698 5179 signatas
1712 5107 1818 5163 eisdem
1833 5109 1905 5161 iure·

1115 5194 1203 5247 nimus
1218 5194 1288 5265 apud
1309 5208 1365 5251 cos.
1390 5194 1445 5251 Nus
1469 5208 1559 5252 autem
1586 5196 1683 5252 honori
1710 5196 1843 5252 Romane
1858 5196 1907 5250 Ec·

1114 5286 1204 5341 clusi-e
1216 5295 1242 5340 ct
1256 5288 1365 5343 utilitati
1378 5290 1499 5344 oninium
1515 5300 1626 5362 paterna
1646 5290 1767 5345 uolentes
1778 5290 1906 5345 sollicitu-

1116 5377 1177 5433 diue
1190 5379 1342 5449 prouidere,
1355 5382 1388 5435 de
1403 5382 1517 5439 consilio
1532 5382 1645 5437 fratrum
1670 5389 1828 5437 nostrorum
1851 5390 1906 5437 sta-

1118 5472 1220 5529 tuimus
1231 5482 1258 5529 et
1273 5475 1325 5529 sub
1345 5476 1637 5531 excommunicationis
1659 5490 1739 5547 prena
1753 5482 1782 5530 et
1795 5488 1908 5547 suspeu-

1116 5566 1204 5623 siouis
1224 5566 1326 5623 ordinis
1348 5576 1376 5625 et
1396 5567 1519 5625 beneficii
1539 5569 1687 5627 districtius
1700 5566 1859 5625 inhibemus
1873 5578 1908 5621 ns
