4109 6325
174 313 228 371 nr
656 304 906 389 ronnrrvcnrns
928 300 1021 364 nuno
1040 303 1100 375 ar,
1120 301 1256 364 cvrarsn
1276 300 1355 363 vera.
1753 306 1806 367 na

177 442 273 489 eorum
298 428 344 499 qul
360 423 483 483 libellum
511 402 696 481 infamationis
717 424 861 496 porrigunt
872 422 900 480 ιιι
919 436 967 479 oc-
982 429 1005 485 Α
1019 424 1221 478 contumaciam
1236 420 1386 479 asserebat.
1401 416 1568 476 Procurator
1582 425 1672 477 autem
1687 418 1807 493 ejusdem

147 580 150 585 ,
180 518 261 575 culto
286 514 486 587 procedendum
515 525 576 569 esse
604 514 638 569 ad
663 512 865 584 inquisitionem
888 526 968 583 super
1021 512 1136 585 capitoli
1161 512 1238 569 litem
1266 512 1349 569 tuisse
1372 518 1555 568 contestatam
1570 510 1697 568 inliciens
1713 512 1809 568 exad-

177 608 316 667 corrtentis
332 605 431 661 ibidem
452 602 617 660 criminibus
641 604 794 660 iacieudam
806 645 813 669 ,
827 607 968 661 autetiam
1018 618 1100 661 verso
1120 603 1261 675 respondit
1286 605 1370 674 quod,
1384 620 1446 662 cum
1462 613 1502 673 tu,
1519 605 1605 662 irater
1615 605 1759 677 episcope,
1776 618 1826 660 ac·

176 700 371 756 adversus-eos
384 703 479 751 eontra
491 708 560 764 quos
585 693 615 750 lit
636 695 776 766 inquisitio
792 696 871 751 tidem
887 695 969 751 dictis
1020 692 1059 749 lili
1070 692 1204 760 abbas,se
1214 693 1357 764 conjudice
1368 696 1448 753 tertio
1461 704 1620 763 excusante,
1632 697 1809 767 exceptiones

178 786 359 843 adlubendam
379 782 488 839 illorum
501 782 547 853 qui
574 790 636 852 post
656 783 840 854 intrumentum
850 782 893 840 rel
907 792 969 839 ante
1019 784 1153 856 legitimas
1163 802 1212 858 pro
1225 802 1274 843 sua
1282 797 1362 859 parte
1372 789 1526 860 propositas
1534 790 1641 847 nolletis
1653 791 1809 854 admittere,

179 881 262 935 tacite
276 878 319 933 vel
329 889 458 949 expresse
473 875 597 931 inimicos
612 890 641 931 se
652 885 780 931 asserunt
798 874 968 940 eorumdem,
1020 889 1150 950 tauquam
1157 879 1314 935 abevidenti
1323 880 1479 949 gravamine
1486 882 1520 936 ad
1527 882 1617 937 sedem
1627 878 1810 952 luitapostoli-

178 969 339 1026 nisiiorsan
353 976 417 1023 ante
437 968 623 1037 jurameutum
645 966 672 1021 in
699 966 821 1023 fraudem
840 967 867 1022 id
880 965 970 1021 iacere
1018 966 1202 1037 camproipso
1214 968 1811 1042 capitutoappellatum.Undepradietamrti·

179 1068 388 1134 praesumantur.
404 1059 546 1127 eraesissis
558 1067 687 1131 practerea
701 1060 766 1131 qaid
776 1058 861 1115 statui
874 1058 970 1125 debeat
1020 1056 1269 1114 cebatsententiam
1284 1058 1392 1129 penitus
1402 1059 1503 1115 nullam
1513 1076 1585 1128 esse,
1598 1062 1810 1119 necetiamsea·

177 1154 206 1210 ni
232 1152 300 1209 nibil
321 1166 373 1221 per
381 1150 662 1216 certam-scientiam,
678 1150 725 1207 sed
738 1158 843 1206 tantum
864 1163 912 1221 per
929 1148 970 1203 ia·
1019 1146 1113 1201 mattae
1127 1160 1229 1212 ,nomen
1245 1147 1345 1204 trabere
1365 1150 1476 1216 mereri,
1490 1165 1551 1206 cum
1566 1162 1665 1221 practer
1688 1154 1810 1208 retinam-

150 1252 156 1262 ·
181 1258 254 1299 nram
276 1252 304 1299 et
316 1255 412 1298 eorum
434 1241 480 1311 qui
505 1239 609 1295 luerint
626 1240 751 1311 inquisiti
771 1239 967 1297 eredulitatem
1020 1237 1115 1294 billum
1128 1240 1318 1309 exceptionum
1334 1248 1362 1295 et
1377 1240 1503 1312 legitime
1516 1243 1704 1314 appellationis
1713 1248 1807 1299 obsta-

180 1334 298 1407 iuramm
313 1330 459 1403 contigerit
479 1331 596 1388 inveniri
605 1330 690 1403 (tat),
706 1338 798 1386 utrum
817 1346 853 1386 ne
871 1330 971 1400 aliquis
1021 1328 1112 1385 culum
1131 1328 1215 1386 luerit
1232 1330 1412 1402 promulgata.
1439 1330 1554 1402 Propter
1578 1334 1651 1404 quod
1670 1332 1812 1389 bunailiter

181 1440 263 1496 snper
275 1436 309 1481 eo
323 1421 437 1478 crimine
456 1426 577 1493 reputari
595 1421 692 1479 debeat
708 1422 855 1478 infamatus
871 1422 972 1492 dequo
1022 1419 1190 1492 supplicabat
1202 1423 1326 1479 eamdem
1341 1422 1446 1478 irritam
1462 1425 1593 1483 nuntiari.
1605 1426 1712 1482 iluditis
1728 1426 1813 1498 igitur

183 1514 271 1585 ipsum
286 1515 342 1572 duo
351 1514 394 1571 vel
408 1525 464 1573 tres
474 1524 522 1571 aut
534 1515 627 1585 plures
641 1514 761 1571 dixerint
787 1512 948 1569 talamarum
963 1552 971 1579 ,
1020 1520 1051 1567 et
1068 1512 1213 1570 intellectis
1226 1512 1259 1569 iis
1271 1523 1300 1569 et
1321 1515 1453 1588 aliisque
1468 1514 1544 1577 luere
1560 1516 1701 1589 proposita
1717 1531 1813 1574 coram

181 1604 291 1663 bactris
306 1606 365 1678 ipso
379 1605 447 1661 nibil
460 1605 602 1661 sinistrum
616 1605 642 1661 ιιι
657 1605 766 1677 publico
780 1606 917 1663 audiatur.
930 1604 972 1660 ao
1023 1602 1112 1669 nobis,
1127 1604 1361 1674 pronuntiavimus
1372 1606 1446 1664 litem
1467 1620 1516 1678 per
1536 1617 1727 1679 procuratores
1749 1620 1814 1678 par-

181 1700 255 1769 quod
270 1706 314 1755 est
335 1707 428 1755 nostra
440 1698 604 1771 responsio(
619 1698 699 1767 ιιι),
713 1697 785 1769 quod
799 1706 911 1769 propter
932 1698 971 1753 ia·
1025 1696 1094 1751 tium
1105 1696 1159 1751 alia
1175 1697 1233 1753 vice
1247 1708 1359 1770 propter
1375 1701 1446 1757 idem
1467 1698 1606 1772 negotium
1631 1708 1727 1755 nostro
1748 1714 1814 1755 con·

183 1804 258 1845 raam
268 1799 296 1846 et
309 1790 501 1860 deponentium
516 1790 705 1845 credelitatem
717 1788 849 1845 duntaxat
861 1785 974 1848 nouerit
989 1758 1012 1818 B
1025 1787 1127 1856 spectui
1139 1797 1317 1857 praesentatos
1331 1788 1417 1848 luisse
1433 1790 1556 1862 legitime
1578 1797 1773 1857 contestatam,
1784 1799 1815 1848 et

185 1880 409 1954 addepositionis
423 1880 588 1937 sententiam
607 1878 822 1951 procedendum,
837 1879 885 1936 sed
900 1878 974 1934 iula-
1024 1874 1201 1934 decernentes
1231 1879 1438 1950 appellationem
1458 1880 1602 1936 adsedem
1634 1879 1813 1950 apostolicam

184 1980 260 2027 mato
271 1968 401 2029 canonica
413 1972 514 2042 poterit
525 1972 606 2028 indici
630 1971 757 2043 purgatio
770 1970 918 2027 secundum
929 1986 974 2027 ar·
1024 1982 1107 2041 super
1118 1971 1171 2027 boc
1183 1971 1372 2042 interpositam
1391 1988 1425 2029 ex
1440 1983 1518 2045 parte
1531 1972 1681 2042 supradicti
1702 1971 1814 2043 capituli

184 2064 297 2120 bitriuna
306 2064 465 2133 iudicantis,
481 2063 527 2135 qui
539 2072 650 2135 propter
663 2064 736 2120 dicta
750 2078 899 2135 pancorum
911 2078 973 2119 eum
1025 2071 1195 2131 contenere,
1217 2064 1358 2136 praelatam
1379 2064 1516 2121 interdicti
1543 2065 1705 2120 sententiam
1732 2064 1813 2120 duxl-

181 2154 345 2212 iniaoratum
360 2165 487 2228 reputare
498 2171 551 2212 non
566 2156 649 2212 debet
659 2151 737 2225 cujus
752 2155 823 2226 apud
834 2156 920 2213 boans
937 2164 966 2211 et
1024 2168 1086 2211 ntus
1102 2156 1316 2227 approbandam,
1330 2157 1416 2228 ipsius
1429 2156 1602 2216 violationem
1614 2165 1714 2213 nostrae
1728 2169 1816 2212 reser-

182 2260 282 2317 grarcs
295 2246 358 2303 tresa
370 2245 462 2316 opinio
479 2259 533 2301 non
546 2245 649 2301 existit.
665 2244 705 2299 l'u
722 2243 859 2314 denique,
882 2242 973 2299 irater
1024 2244 1113 2299 vando
1141 2259 1273 2313 censure,
1287 2245 1311 2302 si
1329 2245 1422 2303 iorsan
1445 2262 1506 2303 eam
1531 2248 1634 2314 rtietum
1664 2246 1815 2319 capitutum

181 2337 321 2408 episcope,
335 2352 419 2409 super
434 2348 460 2395 te
475 2339 537 2411 ipso
553 2346 581 2393 et
595 2334 702 2392 credito
724 2334 772 2390 tibi
787 2348 869 2405 grege
883 2333 974 2391 taliter
1025 2349 1079 2391 non
1092 2338 1228 2404 servavit3
1242 2347 1332 2409 teque,
1343 2337 1381 2393 lili
1395 2340 1524 2411 magister
1537 2338 1582 2408 ιι,
1596 2340 1743 2412 subrogato
1755 2339 1815 2395 loeo

182 2427 297 2498 rigilare
319 2443 460 2501 procures,
487 2426 664 2498 exstirpando
688 2425 755 2482 vitia
778 2435 806 2481 et
822 2425 973 2497 plantando
1024 2431 1213 2501 prenominati
1231 2414 1542 2504 magistri'sclrolarom,
1565 2432 1688 2489 eumdem
1703 2448 1815 2489 causam

184 2522 316 2589 virtutes,
327 2531 358 2579 ut
375 2523 403 2579 ιιι
417 2522 568 2580 novissimo
581 2520 699 2577 districti
714 2519 848 2575 examinis
867 2518 911 2575 die
926 2532 975 2574 eo·
1026 2519 1103 2577 robis
1113 2521 1313 2578 committimus
1323 2522 1816 2595 terminandana,perapostolicascri·

183 2628 245 2669 r²⁴¹¹!
266 2615 408 2672 immendo
432 2613 535 2684 ludite·
557 2612 603 2684 (ιυἱ
625 2610 720 2667 ‘eilde‘
736 2606 970 2679 Πιῑθῦῑιΰθιιῐῑι
1025 2619 1072 2681 tiis
1086 2613 1247 2670 mandantes
1258 2623 1392 2687 quatenus
1401 2628 1436 2670 ex
1445 2621 1522 2685 parte
1536 2614 1648 2686 capituli
1660 2615 1812 2685 supradicti

182 2718 266 2776 opera
278 2720 336 2769 sua,
353 2706 463 2775 dignam
477 2706 567 2778 possis
579 2704 694 2760 reddero
709 2701 854 2758 rationem.
1026 2705 1098 2775 quod
1112 2704 1168 2776 juri
1190 2714 1287 2778 pareat
1303 2704 1447 2764 suffimenti
1466 2704 1594 2761 cautione
1613 2714 1734 2775 recepta,
1757 2718 1816 2760 me·

220 2794 318 2852 narum
339 2795 476 2862 narrant,
492 2811 541 2852 rrrr
557 2793 618 2851 nat.
634 2793 777 2861 tacuerit,
800 2790 975 2864 pontificatus
1027 2806 1161 2855 manure
1175 2798 1311 2855 tiverono
1331 2797 1496 2854 munerarium
1511 2796 1650 2863 relaxetis,
1663 2805 1691 2852 rs
1704 2796 1732 2852 nr
1754 2796 1817 2853 atris

183 2887 272 2945 nostri
284 2900 355 2944 anno
368 2887 591 2959 quintodecimo.
1023 2888 1101 2959 iuxta
1119 2888 1235 2945 iormam
1250 2889 1350 2960 prioris
1361 2889 1448 2945 nostri
1461 2888 1581 2944 mandati
1596 2888 1701 2945 ratione
1717 2890 1818 2960 previa

535 2975 636 3035 eluti.
1025 2980 1214 3051 procedentes,
1228 2995 1338 3037 causam
1355 2982 1451 3051 ipsam,
1464 2981 1487 3035 si
1500 2981 1533 3037 de
1546 2979 1666 3051 partium
1677 2994 1818 3049 proeesse·

182 3084 311 3127 errscoro
335 3088 370 3127 ar
391 3088 487 3129 annuat
509 3088 602 3130 sancus
626 3087 738 3129 vanasrr
767 3084 1011 3151 urnnnnrnnsrs,c
1028 3074 1064 3129 rit
1085 3072 1236 3140 voluntate,
1259 3073 1313 3128 bue
1340 3072 1471 3128 canonico
1503 3071 1666 3127 terminetis.
1689 3072 1817 3143 Alioquin

220 3179 257 3220 nr
285 3179 418 3222 unersrao
442 3181 469 3221 u.
496 3179 529 3221 on
549 3180 834 3224 arnanarocnuosrco
857 3179 976 3220 tranat·
1025 3181 1086 3224 mm
1099 3165 1433 3222 audieternertnstrueum
1452 3164 1486 3220 ad
1500 3174 1620 3220 nostram
1644 3163 1818 3235 presentiam

221 3271 309 3312 rnna.
1025 3255 1184 3326 remittatis,
1201 3258 1377 3330 praefigentes
1392 3256 1515 3329 partibus
1533 3257 1679 3312 terminum
1707 3271 1818 3327 compe·

344 3347 525 3420 Confirnratrtr
539 3353 661 3421 qaedam
678 3351 816 3408 sententio.
1026 3353 1128 3402 tenum
1140 3362 1194 3417 quo
1206 3357 1298 3405 nostro
1308 3363 1338 3404 se
1358 3348 1516 3418 conspectui
1527 3355 1735 3421 ¹repraesentent
1759 3348 1819 3419 jus-

349 3440 489 3512 (nouerant
503 3481 512 3508 ,
527 3457 573 3498 xvv
588 3441 648 3498 liat.
662 3440 806 3512 Ianuarii.)
1026 3443 1093 3504 utu,
1105 3436 1185 3494 deute
1202 3437 1326 3505 linmino,
1354 3439 1515 3495 sententiam
1544 3444 1703 3508 recepturae.
1739 3437 1818 3506 erorl

221 3532 363 3590 decedens
388 3534 421 3588 ad
437 3545 557 3590 nosram
581 3534 753 3606 presentiam
768 3532 883 3589 dilectus
905 3529 977 3587 ilius
1027 3529 1051 3586 si
1064 3544 1119 3586 non
1131 3544 1239 3597 omnes,
1252 3539 1319 3599 etc,
1337 3531 1391 3587 duo
1402 3540 1533 3598 vestrum,
1546 3540 1602 3587 etc.
1619 3528 1674 3586 Vos
1691 3529 1819 3600 denique,

184 3624 319 3693 magister
331 3623 365 3678 ri.
381 3623 545 3680 venerabilis
569 3623 662 3681 iratris
682 3623 769 3679 nostri
787 3621 978 3679 lioriomensis
1028 3621 1114 3679 irater
1129 3623 1266 3694 episcope,
1277 3633 1306 3680 et
1317 3623 1355 3680 tili
1369 3621 1464 3690 abbas,
1480 3631 1534 3679 etc.

185 3715 306 3786 episcopi
320 3723 491 3786 procurator,
507 3715 549 3770 uir
564 3715 693 3786 providus
709 3723 737 3770 et
751 3712 903 3776 discretus,
915 3727 978 3783 pro-
1065 3715 1163 3771 batum
1174 3713 1313 3782 Laterani,
1330 3731 1379 3772 xxv
1406 3714 1466 3771 llal.
1487 3713 1620 3783 ianuarii,
1645 3713 1819 3787 pontillcatus

185 3807 279 3882 posuit
302 3821 395 3862 coram
416 3807 496 3863 nobis
520 3806 603 3877 quod,
619 3821 680 3861 cum
705 3806 769 3862 olim
793 3819 902 3862 causam
918 3819 978 3876 quse
1030 3807 1202 3864 nostrianno
1216 3807 1325 3864 decimo
1341 3807 1447 3877 quinto.

187 3897 259 3953 inter
273 3898 399 3954 eumdem
414 3898 574 3968 episcopum
598 3911 632 3952 ex
657 3904 734 3967 parte
753 3911 806 3951 una
822 3905 850 3952 et
864 3895 978 3953 dilectos
1363 3896 1476 3956 cxcttt.

186 3987 258 4045 illios
275 3987 423 4058 capitulum
438 3987 567 4046 Ecclesiae
579 3987 673 4044 Sancti
683 3986 805 4056 quintini
816 3987 980 4046 Noviomen·
1029 4001 1202 4046 navarucsnsr
1212 4000 1411 4046 cvsrancrcnsrs
1429 4003 1538 4046 onnrnrs
1548 4005 1583 4045 ar
1595 4003 1704 4045 asuerus
1717 4001 1820 4044 convrr-

186 4079 226 4136 sis
254 4080 382 4136 discessis
412 4094 493 4150 super
521 4077 690 4150 subjectione
720 4080 805 4151 ipsius
826 4079 977 4146 Ecclesiae,
1065 4095 1106 4136 nn
1119 4095 1154 4137 na
1167 4095 1368 4138 suncrraarxm
1384 4095 1530 4138 amianas
1543 4094 1700 4139 senonensis
1719 4096 1755 4137 er
1782 4095 1820 4140 ar·

187 4187 270 4243 quam
295 4171 367 4228 idem
386 4171 531 4243 episcopus
545 4173 647 4227 asserit
664 4173 820 4229 dioecesano
843 4171 895 4228 sibi
915 4169 978 4242 iure
1066 4186 1220 4230 runrcansrs
1234 4183 1391 4231 ortncesnrr.

186 4263 318 4329 subesse,
336 4276 369 4318 ac
382 4271 492 4333 propter
511 4263 563 4318 lroc
581 4263 670 4333 ipsum
689 4263 838 4336 capitulum
860 4263 893 4318 ed
914 4263 979 4318 obe·
1141 4265 1269 4335 njrrornr
1281 4267 1430 4337 argumenti
1440 4282 1500 4320 eona
1515 4265 1626 4335 epistola
1642 4265 1702 4322 ιιι.

187 4354 316 4411 diendum
329 4353 354 4409 ei
371 4362 400 4408 ut
420 4353 549 4424 episcopo
562 4355 671 4424 proprio
686 4355 713 4410 ιιι
732 4353 876 4410 sententiis
892 4352 978 4408 iuter·
1204 4351 1351 4426 (Laterani,
1365 4371 1410 4411 xvv
1422 4355 1483 4412 ilai.
1498 4354 1643 4427 ianuarii.)

187 4447 254 4504 dicti
275 4455 303 4503 et
324 4446 385 4502 aliis
411 4446 512 4501 debere
533 4447 680 4518 compelli,
696 4461 729 4502 ex
744 4447 830 4502 altera
848 4444 975 4510 vertitur,
992 4441 1015 4498 b
1044 4491 1048 4498 .
1065 4445 1132 4502 Cum
1148 4445 1340 4515 olim'graades
1350 4453 1489 4517 etgraves,
1502 4445 1638 4502 deformes
1651 4452 1678 4500 et
1692 4459 1819 4500 enormes

186 4539 235 4594 lite
258 4538 334 4610 prius
358 4539 500 4594 innostra
525 4540 670 4610 praesentia
691 4543 862 4603 contestata,
889 4534 976 4601 vobis,
1028 4533 1135 4605 injurie
1148 4547 1216 4605 quas
1238 4531 1387 4590 Gaulridus
1400 4543 1464 4591 tunc
1477 4536 1551 4604 prior
1560 4541 1589 4592 et
1598 4545 1748 4590 conuentus
1762 4548 1820 4588 rno-

186 4629 272 4686 irater
297 4629 447 4702 episcope,
478 4638 506 4685 et
537 4631 643 4690 dilectis
670 4631 733 4688 liliis
759 4629 850 4686 abbati
881 4623 978 4684 Sancti
1028 4623 1705 4699 uasteriidecbaritatedilectodliocluniaoeusl
1725 4623 1820 4679 abbati

189 4718 300 4777 vedasti
311 4719 500 4779 atrebatensis
515 4737 548 4778 ac
559 4723 691 4795 magistro
703 4721 860 4778 scholarum
873 4719 979 4777 Toros·
1030 4723 1192 4780 dicebantur
1209 4731 1311 4778 temere
1323 4718 1459 4790 irrogasse
1469 4717 1591 4773 seriatim
1607 4715 1721 4772 luissent
1734 4730 1819 4786 expo·

186 4811 264 4868 censi
291 4813 449 4873 duxerimus
472 4812 711 4878 committendam,
741 4825 799 4881 vos,
827 4812 892 4883 quia
914 4825 978 4882 pars
1030 4814 1089 4871 sitae
1107 4829 1200 4872 coram
1216 4808 1305 4879 nobis,
1322 4824 1372 4866 nos
1384 4809 1488 4866 eisdem
1506 4809 1533 4866 in
1555 4806 1711 4880 apostolicis
1720 4805 1819 4863 litteris

187 4903 301 4975 capituli
314 4903 532 4973 iurisdictionem
555 4910 674 4960 vestram
689 4901 801 4959 eludere
824 4915 858 4957 ac
869 4917 979 4973 proces-
1028 4905 1215 4977 perordinem
1231 4899 1446 4971 comprehensis,
1459 4899 1662 4957 venerabilibus
1688 4897 1819 4955 iratribus

187 5009 249 5050 sum
270 4995 402 5066 impedire
422 4995 519 5066 judicii
543 4995 649 5052 irivolis
668 4995 874 5065 exceptionibus
895 5005 979 5063 super
1030 4997 1132 5053 nostris
1146 4992 1276 5050 Trecensi
1291 5002 1319 5050 et
1339 4991 1468 5048 lleldensi
1500 4990 1635 5062 episcopis
1659 5005 1692 5046 ac
1720 4989 1819 5046 dilecto

186 5085 389 5142 contestatione
398 5086 454 5143 litis
466 5083 597 5158 oppositis
611 5085 759 5151 nitebatur,
773 5085 860 5156 ipsum
872 5086 979 5156 capitu·
1030 5085 1086 5141 illio
1099 5083 1281 5141 Latiniacensi
1306 5081 1397 5138 abbati
1417 5095 1466 5153 per
1480 5083 1552 5153 ipsas
1568 5078 1692 5136 dedimus
1716 5077 1820 5133 litteras
1925 5122 1931 5135 .

186 5175 245 5232 ιιιιιι
264 5189 313 5247 pro
328 5193 377 5233 sua
390 5179 563 5234 contumacia
578 5177 715 5234 interdicti
731 5175 875 5233 sententiae
888 5175 979 5248 suble·
1010 5232 1013 5237 ,
1031 5177 1059 5233 ιιι
1073 5177 1217 5249 preceptis
1230 5177 1302 5232 utad
1316 5177 1405 5233 locum
1424 5173 1511 5244 ipsum
1534 5167 1714 5242 personaliter
1739 5181 1819 5222 acce·

186 5268 267 5328 cistis
283 5284 292 5325 a
308 5284 389 5340 quam
405 5285 468 5326 cum
479 5271 567 5328 'iidem
588 5280 693 5327 temere
706 5270 855 5338 violarint,
870 5269 980 5341 petebat
1031 5270 1138 5336 dentes,
1150 5278 1179 5325 et
1193 5271 1362 5340 inquirentes
1377 5279 1458 5336 sopor
1480 5263 1513 5319 iis
1537 5261 1644 5333 plenius
1662 5259 1817 5321 veritatem,

186 5359 309 5430 episcopi
325 5371 489 5430 procurator
509 5371 539 5418 ut
553 5362 844 5420 laceremuseamdem
862 5361 979 5418 tirmiter
1032 5359 1055 5414 si
1071 5372 1128 5414 rem
1151 5358 1305 5414 inrerrireut
1316 5357 1408 5413 taliter
1420 5368 1451 5411 se
1466 5353 1578 5418 babere,
1604 5351 1684 5406 latam
1709 5355 1820 5419 propter

186 5451 347 5519 observari,
368 5455 514 5512 violatores
529 5455 614 5527 ipsius
636 5449 980 5526 poenacanonieapercel-
1031 5447 1123 5506 hocin
1136 5451 1238 5507 dictum
1262 5450 1423 5507 Gauiridum
1442 5445 1622 5518 depositionis
1645 5457 1661 5498 a
1689 5441 1820 5512 regimine

187 5547 288 5613 lentes,
301 5557 332 5604 ut
349 5549 376 5604 iu
394 5550 435 5606 eis
447 5543 683 5620 poena'cresceret
707 5549 735 5604 in
749 5547 848 5618 quibus
860 5545 981 5601 crevisse
1031 5542 1167 5614 prioratus
1182 5543 1345 5604 sententiam
1360 5543 1524 5601 auctoritate
1546 5535 1693 5612 apostolica
1720 5532 1821 5592 conlir·

228 5661 288 5734 (lbi
317 5661 502 5736 Sequensvox
512 5665 589 5719 deest
598 5661 625 5717 in
634 5661 727 5718 codice
736 5659 765 5716 S.
777 5657 891 5731 Remigii
902 5657 979 5713 liena.
1031 5657 1137 5730 sponsio
1151 5665 1199 5715 eat.

239 5733 293 5788 ιιι
319 5735 386 5793 Cod.
405 5730 434 5789 S.
457 5733 572 5803 Remigii
589 5749 597 5788 :
612 5733 652 5788 ld
665 5749 724 5804 qaae
745 5732 825 5788 etium
847 5741 917 5786 certa
939 5743 980 5783 rr·
