4109 6325
270 241 324 298 939
696 232 892 291 lascessitus
909 232 941 291 llt
959 234 1011 293 PP.
1033 234 1268 322 nscsstottutt
1287 234 1353 294 biit.
1373 236 1444 296 xil.
1847 246 1899 306 m

268 346 555 420 uiderintoligendum.
568 344 899 419 Decernimosergo,otc.,
909 360 1057 419 mqoeom-
1072 352 1095 409 Α
1110 344 1173 401 olim
1188 346 1214 403 in
1228 347 1322 405 eadem
1334 346 1449 407 eeclesia
1461 348 1488 405 ln
1503 348 1673 409 solemnitate
1688 353 1759 411 beati
1775 354 1900 415 llarnicil

268 445 386 505 trimodis
397 444 547 515 prolatura,
563 440 719 497 saltasedis
732 440 886 510 apostolica
897 443 1060 499 auctoritato
1109 437 1269 505 celebraret,
1280 438 1351 497 idem
1366 442 1400 497 ad
1414 442 1650 512 presentationem
1667 444 1745 501 benaa
1759 452 1899 507 mensoria·

268 546 296 593 et
307 533 453 593 dioecesani
466 530 584 604 episcopi
599 529 853 600 canonicajustitia.
867 531 896 588 Si
911 548 963 603 qua
977 534 1060 603 igitur
1110 527 1238 585 willelmi
1252 532 1460 603 predecessoris
1478 532 1516 589 tui
1530 549 1592 590 eum
1605 536 1634 589 in
1646 535 1841 595 subdiaconum
1852 556 1900 597 ot«

269 629 297 684 in
317 627 453 691 lutnmm',
471 632 541 689 eto,
555 639 637 694 sapae
650 620 781 677 districta
795 622 935 693 subjaceas
949 623 1057 679 ultioni.
1108 619 1222 689 dinavit,
1237 637 1254 679 a
1276 624 1378 693 quoad
1401 624 1521 695 ejusdem
1539 628 1775 695 presentationem
1789 633 1898 689 abbatis

266 715 1057 787 Cunetisautemeidemloco,etc.,trsouepacisinueniant.
1108 709 1135 765 itt
1158 711 1227 767 sesto
1248 712 1469 771 llutnuntialionls
1483 715 1569 771 beator
1595 716 1726 775 llariaein
1749 721 1896 779 diaconum

302 810 399 866 liatunt
411 808 549 876 buteram,
566 824 615 880 per
638 824 749 867 manum
772 809 896 865 llainaltli
916 810 1014 881 acolyti
1027 816 1055 865 et
1107 800 1158 858 iuis
1176 804 1346 873 postmodum
1368 806 1527 872 ordinatus;
1543 823 1594 863 nec
1618 809 1715 867 recolit
1733 821 1822 869 utrum
1837 814 1897 871 dies

265 902 399 974 capellani
415 901 516 959 domini
531 901 679 957 innocentii
700 915 778 971 papas
799 900 844 968 lll,
859 916 914 957 xru
928 900 986 960 liat.
1003 900 1057 956 ορ.
1106 908 1159 965 quta
1173 894 1295 951 ordinem
1310 896 1522 954 subdiaconatus
1533 900 1637 970 accepit
1655 912 1728 959 esset
1746 902 1895 963 Sabbatum

265 997 394 1065 cambris,
408 997 554 1054 indictione
568 1013 601 1061 tr,
613 994 808 1052 incarnationis
821 993 968 1049 boorinicac
980 1009 1055 1051 anno
1106 988 1228 1055 Qudlltllr
1247 986 1422 1059 Tempotuut,
1436 1000 1561 1048 utrumve
1581 994 1704 1067 diesque
1724 997 1775 1055 luit
1794 998 1820 1054 in
1836 1002 1897 1055 dia·

264 1089 408 1146 millesimo
432 1088 619 1144 ducentesimo
642 1085 750 1141 decimo
774 1084 865 1151 tertio,
880 1084 1054 1154 pontificatus
1106 1094 1203 1137 conum
1213 1080 1353 1138 ordinatus
1365 1091 1439 1139 esset
1448 1084 1597 1141 Sabbatum
1609 1102 1664 1158 quo
1675 1089 1783 1147 canitur
1793 1091 1896 1148 Sitien·

263 1180 439 1239 verodomini
452 1176 816 1249 innocentiipapaelll,anno
827 1184 906 1231 sexto
917 1175 1034 1233 decimo.
1105 1182 1153 1229 teo.
1173 1170 1325 1234 Undelicet
1339 1182 1438 1231 staurto
1454 1185 1576 1249 tempore
1596 1179 1624 1235 in
1647 1185 1815 1240 sacerdotem
1831 1202 1892 1257 pro·

597 1269 722 1327 Cllbill.
1105 1273 1194 1323 motus
1213 1264 1303 1323 diuina
1326 1266 1372 1321 diu
1396 1266 1502 1325 officina
1530 1270 1694 1339 celebrarit,
1721 1278 1894 1345 postmodum

298 1380 422 1422 corworo
445 1377 481 1419 tra
504 1373 757 1419 stcnrrnosnrrsao
779 1374 816 1415 ιι
839 1373 864 1414 a.
884 1372 1013 1416 cssosrco
1104 1367 1205 1425 tamen,
1220 1367 1250 1415 ut
1274 1375 1288 1414 a
1311 1362 1478 1418 conscientia
1500 1377 1550 1419 sna
1574 1365 1754 1425 dubitationis
1775 1385 1891 1442 scrupu-

561 1468 748 1534 rsorururrms.
1103 1448 1157 1503 lum
1169 1459 1320 1517 amoveret,
1335 1465 1350 1505 a
1370 1450 1522 1509 divinorum
1546 1456 1727 1516 celebratione
1750 1459 1827 1516 duxit
1841 1461 1893 1517 bu-

404 1549 535 1607 Scribitsr
560 1564 608 1617 pro
624 1547 718 1617 judice
739 1544 905 1605 Colorituno.
934 1584 937 1591 -
1102 1541 1202 1597 militer
1218 1540 1421 1609 abstinendum,
1442 1558 1584 1616 solitusque
1610 1562 1692 1621 super
1712 1550 1765 1607 boc
1791 1562 1892 1611 nomrae

424 1638 573 1714 (Laterani,
591 1654 619 1693 vr
633 1637 694 1694 Kal.
707 1637 889 1710 Decembris.)
1107 1633 1256 1703 recepisset
1278 1634 1474 1706 beneplacitum
1488 1637 1645 1695 voluntatis.
1670 1640 1804 1710 Quocirca
1832 1646 1892 1702 dis-

295 1735 437 1793 Cnmolim
461 1733 535 1790 circs
553 1730 645 1799 Pisani
659 1730 694 1787 ad
714 1730 871 1802 apostolica
890 1730 963 1789 sedis
983 1730 1048 1801 jura
1101 1725 1215 1783 crationi
1243 1734 1294 1783 tuae
1313 1743 1363 1801 per
1376 1729 1522 1801 apostolica
1536 1734 1635 1804 scripta
1645 1736 1806 1794 mandamur
1819 1754 1891 1811 qua·

260 1842 359 1885 manu,
371 1826 465 1881 aaron
485 1826 633 1881 extendere
650 1824 799 1895 cupienter,
813 1823 942 1879 miserum
963 1824 1048 1880 fllium
1106 1826 1199 1885 tonus,
1215 1818 1238 1875 si
1256 1834 1336 1890 super
1359 1821 1393 1877 iis
1408 1823 1509 1879 veritas
1534 1824 1684 1897 ignoratur,
1710 1832 1837 1887 eumdem
1862 1833 1890 1887 io

259 1918 378 1975 nobilem
391 1918 480 1972 uirum
490 1916 611 1988 judicem
630 1915 824 1982 Caladunum,
845 1915 892 1985 qni
908 1915 944 1971 ab
955 1914 1051 1972 Eccle-
1100 1912 1231 1981 Siliisslllli
1258 1913 1400 1981 permittas
1423 1915 1562 1973 ‘infinibili
1587 1916 1672 1975 libere
1696 1922 1889 1987 manifestam

259 2010 300 2067 sia
314 2010 435 2066 llomana
451 2019 551 2065 tetram
566 2024 649 2079 quarn
665 2008 748 2065 babel
767 2007 795 2063 in
810 2007 936 2065 Sardinia
950 2009 976 2065 iu
990 2007 1049 2063 leu·
1099 2004 1161 2073 quia
1182 2004 1227 2059 ulti
1254 2006 1421 2061 eottltstiunl
1445 2021 1499 2061 non
1522 2018 1648 2079 apparel.
1669 2011 1814 2085 episcopus
1837 2015 1890 2073 rite

259 2104 323 2159 dunt
336 2111 428 2159 tenere
442 2100 618 2173 dignoscitur,
634 2114 716 2169 super
740 2098 902 2170 quibusdam
926 2098 1047 2169 ejusdem
1098 2095 1460 2165 praestituiturproccssisset
1476 2099 1627 2166 prasertim
1638 2115 1700 2157 curn
1714 2111 1741 2158 et
1757 2103 1889 2161 solemni·

258 2189 473 2263 tetraepartibus
495 2206 587 2246 coram
614 2198 751 2260 potestate
768 2186 868 2245 Pisana
892 2203 941 2258 per
967 2204 1046 2246 suunt
1100 2194 1141 2241 las
1152 2186 1224 2242 beati
1236 2186 1359 2243 llauricii
1375 2185 1499 2255 Quatuot
1511 2188 1675 2260 jejuniorum
1698 2194 1889 2265 Temporibus,

256 2283 398 2354 syndicum
417 2281 616 2347 conuenissent,
629 2295 662 2336 ac
677 2294 728 2351 pro
738 2294 794 2335 suae
807 2280 955 2337 voluntatis
972 2280 1048 2337 arbi·
1097 2287 1125 2335 ct
1142 2279 1239 2336 festum
1255 2280 1479 2336 annuntiationis
1495 2281 1614 2342 sabbato
1626 2300 1680 2357 quo
1695 2286 1820 2345 sitientes
1840 2304 1889 2347 ca·

256 2373 310 2431 trio
323 2373 457 2447 quasdam
474 2373 639 2444 promulgari
663 2371 791 2429 iecissent
809 2372 959 2429 consentias
980 2389 1047 2430 con·
1098 2370 1181 2435 nitur,
1197 2370 1355 2441 frequenter
1380 2382 1538 2430 occurrant.
1561 2372 1664 2454 ,Verum
1687 2392 1721 2435 ex
1741 2394 1814 2437 anno
1832 2395 1888 2453 quo

255 2478 299 2525 tra
320 2482 383 2525 eum
406 2468 434 2523 in
455 2466 525 2536 juris
544 2466 684 2539 apostolici
707 2465 856 2532 lesionem,
880 2482 931 2523 nos
955 2476 1047 2523 atten-
1097 2461 1200 2515 exstitit
1226 2460 1367 2519 ordinatus
1397 2477 1454 2543 pera
1469 2464 1627 2537 diligentem
1654 2470 1888 2540 computationem

254 2564 351 2617 «lenm
378 2559 450 2630 quod
471 2559 544 2615 idem
565 2557 650 2629 judea
665 2572 747 2629 super
764 2557 798 2613 iis
817 2572 878 2629 quiae
890 2573 906 2613 a
919 2557 1043 2615 Romana
1096 2560 1187 2623 posset
1212 2552 1313 2609 ueritas
1336 2553 1458 2626 indagari
1473 2573 1481 2620 ;
1495 2557 1547 2612 etsi
1562 2566 1699 2614 constaret
1713 2562 1784 2630 quod
1808 2572 1889 2619 extro

255 2659 330 2709 tenet
342 2650 463 2707 Ecclesia
478 2650 586 2705 nonnisi
601 2650 652 2704 sub
668 2647 791 2704 Romano
804 2650 932 2719 pontifice
952 2652 1045 2708 debuit
1095 2650 1195 2699 statuta
1217 2644 1314 2701 luisset
1336 2644 1453 2702 Sabbata
1478 2647 1629 2715 ordinatus,
1661 2666 1817 2722 quanquam
1838 2669 1888 2710 stt·

253 2744 404 2810 conveniri,
420 2743 571 2799 communias
583 2743 665 2812 ipsas,
684 2752 813 2813 tanquam
834 2758 916 2800 anon
938 2760 990 2802 suo
998 2745 1044 2817 ju.
1095 2736 1190 2795 srineri
1203 2747 1292 2806 posset
1303 2740 1375 2809 quod
1388 2739 1437 2796 luit
1448 2741 1481 2797 do
1499 2742 1595 2797 ordine
1615 2743 1803 2801 subdiaconali
1817 2764 1888 2819 prm·

253 2836 314 2892 iiico
330 2836 409 2901 latas,
428 2834 581 2891 denuntiari
604 2834 720 2893 lecimus
741 2837 835 2893 irritas
846 2846 876 2893 ot
889 2838 995 2904 inanes,
1010 2854 1044 2897 ac
1095 2839 1243 2900 illmllllllll.
1260 2832 1407 2891 diaconalis
1432 2842 1522 2891 umen
1537 2836 1642 2893 ordinis
1660 2839 1685 2893 ei
1702 2838 1813 2895 deberet
1834 2857 1887 2898 ex·

253 2924 371 2981 inbiberi
389 2923 565 2979 nibilominus
585 2924 691 2981 ciuibus
711 2926 856 2983 antedictis
870 2942 905 2983 ne
921 2929 1041 2999 ipsarum
1094 2923 1197 2980 800111ῑο
1209 2924 1344 2981 inierdili·
1363 2924 1403 2982 Tu
1415 2926 1548 2999 denique,
1562 2926 1599 2983 fill
1619 2928 1713 2996 illins,
1728 2941 1782 2987 0¹0·

252 3016 396 3073 occasione
409 3014 551 3085 praelatum
562 3014 683 3085 Jttdicem
693 3016 837 3074 decaetero
852 3020 1078 3100 molestarent.c
1128 3012 1226 3068 Datum
1253 3013 1390 3083 [lissinis
1409 3030 1453 3071 ΠΙ
1479 3015 1541 3072 Κθῑ·
1558 3014 1691 3081 januarii·
1710 3022 1886 3090 Willssfflliss

251 3108 344 3182 lluper
356 3117 447 3165 autem
461 3108 496 3164 ad
516 3108 681 3166 audientiam
694 3119 815 3168 nostram
830 3113 924 3170 eedem
935 3115 1041 3188 signill·
1094 3105 1178 3161 soilli
1193 3106 1381 3164 nonodecimo
1396 3116 1484 3166 sexis·

251 3211 331 3259 cante
357 3203 482 3273 pertenit
497 3202 570 3272 qnod
594 3201 662 3258 dicti
679 3202 756 3259 cives
772 3205 811 3258 utl
837 3205 958 3262 nolentes
978 3221 1042 3264 sen-
1426 3197 1543 3255 01le-

251 3291 344 3349 tentiis
368 3291 522 3359 antedictis,
536 3292 645 3348 nuntios
658 3306 724 3348 suos
746 3292 773 3348 in
796 3291 953 3352 Sardiniam
966 3307 1041 3368 post·
1091 3301 1216 3348 ΗΜΘΝ
1235 3300 1433 3358 sn'ssstouttttst,
1452 3305 1548 3346 mill
1569 3306 1746 3352 wllsllllltli
1773 3311 1885 3352 cism-

249 3381 362 3440 modum
389 3383 616 3449 transmiserunt,
641 3389 672 3438 ul
690 3397 739 3454 per
760 3384 833 3456 ipsos
853 3401 947 3445 eorum
974 3403 1039 3460 pos.
1125 3397 1226 3438 ctsrtsts
1246 3397 1352 3440 onnrnts
1370 3397 1569 3440 sussstuttsssts
1583 3399 1727 3452 ntoecssrs,
1740 3404 1776 3443 st
1791 3403 1818 3445 c.
1837 3407 1884 3445 nu·

250 3474 401 3532 sessionem
415 3474 650 3545 apprebeudetent
664 3490 724 3544 qrrae
744 3474 809 3546 ipsis
824 3492 874 3548 per
885 3481 1036 3538 senseritias
1125 3489 1193 3532 cauo
1218 3489 1412 3530 snssstousrtst.

249 3563 400 3634 adjudicata
409 3564 518 3620 lucrant
527 3565 695 3634 saepedictas.
708 3565 843 3624 Praeterea
852 3568 884 3624 B.
893 3570 1039 3642 cajetanus
1168 3565 1206 3620 lia
1228 3564 1331 3636 trepotio
1350 3565 1492 3622 comitatus
1512 3565 1666 3638 Comporrire
1681 3579 1706 3625 et
1720 3568 1803 3626 lirim.

248 3655 364 3713 Pisanus
378 3655 446 3712 ciuis
459 3671 540 3725 super
550 3654 683 3712 lructilrus
696 3659 836 3728 eujusdam
856 3661 942 3730 partis
954 3677 1036 3732 quana
1248 3656 1396 3726 (Laterani,
1416 3674 1436 3714 ιι
1451 3659 1514 3715 ldus
1535 3659 1716 3735 Decembris.)

247 3747 276 3803 in
290 3746 379 3804 Galeri
389 3762 420 3804 se
431 3747 531 3804 babere
542 3748 669 3820 proponi,
682 3760 773 3804 coram
795 3753 945 3808 rectoribus
959 3751 1036 3808 Pisa·
1124 3751 1197 3824 (tls)
1219 3749 1321 3808 llilecla
1337 3751 1364 3806 in
1377 3750 1486 3808 Christo
1500 3753 1552 3808 lilia
1568 3753 1671 3809 'mobilis
1685 3754 1782 3811 mulier
1802 3755 1881 3812 Blan-

247 3844 291 3898 nis
304 3843 332 3898 irt
346 3857 457 3898 causam
478 3844 561 3897 traxit
577 3840 694 3897 nobilem
709 3853 900 3909 memoratum,
918 3859 1035 3915 eumque
1088 3845 1151 3916 cba,
1163 3846 1303 3902 comitissa
1317 3843 1480 3917 Campania,
1492 3859 1525 3902 ac
1535 3845 1708 3904 Tlreobaldus
1730 3857 1809 3906 natus
1822 3850 1882 3920 ojus

246 3933 299 3990 sibi
309 3934 425 3992 obtinuit
438 3933 626 3990 condemnari.
642 3935 757 4005 ldeoquo
766 3935 923 3992 discretioni
937 3946 1035 3994 restrae
1088 3939 1191 3994 nostris
1203 3939 1317 3994 auribus
1331 3938 1493 3994 intimarunt
1509 3941 1581 4011 quod
1594 3941 1702 4013 inclyta
1715 3946 1882 4000 recordatio·

245 4038 296 4095 per
308 4023 457 4094 apostolica
473 4023 575 4094 scripta
592 4024 753 4080 mandamus
766 4035 899 4096 quatenus
915 4025 1034 4082 nobilem
1088 4031 1132 4086 nis
1147 4028 1384 4087 flotaricuscomes
1395 4029 1641 4103 Campontaeatoue
1660 4033 1731 4090 Bria
1743 4036 1882 4104 prolecto·

244 4115 419 4185 saepedictum
440 4115 636 4172 aeuteutiarum
661 4116 807 4173 occasione
826 4117 961 4174 dictarum
979 4133 1034 4174 nort
1087 4135 1133 4176 rus
1148 4120 1175 4176 in
1189 4129 1290 4176 tertam
1306 4129 1441 4187 sanctam,
1456 4121 1603 4178 baronibus
1617 4132 1645 4180 et
1667 4125 1800 4182 militibus
1822 4128 1881 4184 suis

245 4209 342 4265 sinatis
356 4209 392 4266 ab
414 4209 505 4281 aliquo
528 4209 680 4277 molestari,
706 4209 904 4275 molestatores,
927 4213 1035 4282 quinties
1083 4211 1164 4284 jussit
1176 4211 1237 4266 utsi
1252 4226 1313 4268 eum
1323 4212 1357 4267 de
1370 4213 1560 4268 transmarinis
1570 4215 1694 4283 partibus
1707 4219 1881 4288 contingeret

244 4301 326 4358 abeo
340 4301 445 4358 iustitis
459 4301 592 4374 secabili,
611 4317 812 4374 percensuram
822 4302 1033 4359 ecclesiasticam
1086 4317 1139 4358 nort
1163 4301 1267 4370 redito,
1282 4300 1363 4359 clarae
1385 4303 1523 4359 memoria
1550 4304 1706 4362 'lireobaldo
1729 4307 1806 4364 tratti
1828 4325 1880 4368 suo

244 4393 422 4465 appellatione
443 4395 592 4466 postposita
613 4404 827 4467 compescentes.
840 4393 917 4462 Quod
932 4395 955 4450 si
978 4409 1032 4450 non
1049 4377 1266 4462 Drourrderem,
1287 4403 1380 4466 utpote
1403 4403 1483 4452 terra
1497 4395 1617 4460 domino,
1635 4396 1737 4454 iaciens
1754 4415 1804 4456 eos
1828 4417 1878 4457 su·

243 4501 349 4553 ontnes,
365 4496 432 4554 etc,
452 4495 480 4544 tu
491 4502 536 4556 ea,
551 4487 638 4545 irater
654 4488 790 4559 episcopo,
813 4495 880 4556 eto,
895 4485 936 4544 'ln
957 4485 1034 4543 deni-
1085 4489 1195 4559 perboc
1205 4495 1335 4556 praestare
1352 4485 1531 4556 corporaliter
1541 4487 1725 4557 iuramentum
1738 4491 1803 4560 :qui
1815 4502 1880 4562 post

242 4599 306 4656 que,
320 4585 406 4641 irater
418 4587 556 4656 episcope,
565 4597 648 4654 super
658 4584 754 4653 teipso,
768 4589 822 4641 etc.
1084 4587 1198 4636 mortem
1208 4575 1327 4648 ejusdam
1339 4577 1447 4634 comitis
1457 4577 1567 4646 praelato
1579 4577 1880 4652 Tlteobaldo,srnqnarn

236 4668 240 4674 ’
278 4676 375 4732 ilatum
389 4675 526 4743 Laterani,
537 4691 566 4731 rt
594 4675 657 4732 llal.
679 4674 846 4744 manibrio,
857 4674 1033 4747 pontificatus
1084 4669 1238 4742 Campaniae
1259 4683 1292 4724 ao
1311 4667 1380 4724 linias
1400 4668 1503 4736 comiti,
1524 4669 1604 4726 terris
1625 4670 1683 4726 suis
1700 4673 1817 4743 receptis
1841 4677 1879 4730 ab

243 4766 330 4822 nostri
343 4775 504 4824 annosuto
521 4766 641 4824 decisum.
1084 4762 1155 4832 ipso,
1178 4759 1336 4815 fidelitatem
1364 4757 1397 4814 ad
1423 4759 1578 4830 homagium
1598 4762 1796 4832 praestiterunt.
1821 4765 1877 4821 le-

568 4853 706 4912 csttttt.
1084 4867 1143 4907 rum
1155 4851 1218 4922 quia
1233 4848 1361 4919 praelatus
1375 4847 1507 4904 Hernicus
1526 4850 1552 4904 ia
1572 4851 1694 4920 partibus
1716 4857 1881 4910 transmari-

279 4960 373 5002 auurrt
399 4961 493 5003 sancrt
512 4959 634 5002 utentem
652 4959 816 5004 actumsts
839 4959 998 5004 monstrosus
1083 4945 1126 5002 nis
1143 4945 1211 5001 duas
1227 4941 1296 4998 lllias
1318 4956 1350 4997 ea
1367 4941 1448 4997 claros
1461 4944 1600 4998 metuerim
1618 4942 1755 5015 [isabellal
1781 4949 1879 5019 regina

568 5051 709 5095 armasio.
1083 5034 1325 5108 llierosolJmitana
1340 5035 1404 5101 sibi,
1414 5041 1444 5088 ut
1454 5035 1562 5101 dicitur,
1584 5036 1675 5092 minus
1691 5037 1814 5108 legitime
1827 5055 1881 5096 co-

357 5131 396 5187 lle
419 5131 530 5186 diacono
553 5140 672 5201 promoto
690 5139 766 5185 cairo
791 5139 921 5202 temporo.
1082 5130 1174 5201 pulala
1186 5128 1304 5200 suscepit
1315 5125 1398 5198 (idol,
1414 5127 1552 5183 comitissa
1564 5129 1676 5199 praelata
1688 5139 1716 5186 et
1729 5131 1802 5188 tilius
1812 5131 1880 5202 eiras

399 5220 539 5290 (Laterani
559 5237 605 5279 xm
620 5220 678 5276 llal.
699 5217 845 5293 Ianuarii.)
1083 5222 1207 5278 timentes
1219 5221 1269 5276 sibi
1284 5221 1319 5274 alr
1332 5219 1384 5274 illis
1397 5218 1467 5274 tela
1487 5219 1555 5275 riris
1565 5235 1671 5285 earum,
1686 5235 1749 5277 curu
1769 5221 1880 5279 laterior

275 5312 446 5370 Constitutus
460 5313 488 5369 in
506 5313 651 5385 praesentia
672 5323 766 5370 nostra
787 5312 903 5370 dilectus
915 5311 987 5370 lilius
998 5312 1029 5368 P.
1081 5313 1256 5369 matrimonio
1282 5312 1423 5382 copulatae,
1442 5312 1543 5368 moreni
1562 5327 1644 5382 super
1664 5311 1766 5367 eisdem
1786 5313 1883 5368 corrri-

240 5403 368 5460 Ecclesioe
394 5413 446 5460 tuae
471 5404 621 5461 canonicus
639 5405 718 5461 uobis
737 5405 876 5462 bumilitet
895 5404 1031 5460 intimarit
1082 5403 1380 5473 talibusquastioocrn,
1396 5417 1430 5458 ne
1453 5417 1502 5474 pro
1520 5401 1626 5457 delectu
1643 5402 1751 5458 testium
1766 5402 1813 5472 ius
1825 5417 1883 5458 eo-

239 5501 313 5564 quod
340 5509 403 5551 cum
427 5495 506 5553 bone
528 5494 668 5553 memorias
695 5495 864 5556 Soolurtcnsis
885 5497 1029 5568 episcopus
1081 5513 1139 5551 rum
1156 5495 1245 5552 valeat
1269 5495 1402 5566 deperire,
1419 5495 1498 5550 nobis
1517 5494 1656 5549 humiliter
1682 5495 1880 5564 supplicarunt

275 5671 350 5745 ιιιι)
366 5672 601 5746 titetrtraopto.
619 5672 679 5730 ssi.
1116 5675 1189 5746 (too)
1206 5673 1365 5732 turlecoso
1380 5672 1472 5730 tortor.
1490 5673 1532 5741 ιιι,
1547 5688 1605 5744 cap.
1621 5671 1665 5727 as.
