4109 6325
254 285 325 348 itti
662 282 835 341 atrebata
854 284 901 342 ab
920 236 1156 340 usctstout'tt
1177 279 1325 338 rutubus
1344 279 1479 338 tutunus.
1822 283 1891 339 illd

254 407 379 461 crederet
405 403 495 458 taliter
519 398 687 471 pttuieodos,
714 398 848 455 iacientes
875 408 903 454 et
927 413 1042 454 cousen-
1058 399 1081 462 Α
1095 395 1916 468 mundobeatjudiciotnimitari,cumetisutiuiutorleeto¹

254 498 354 553 tientes
380 494 437 566 pari
464 505 544 564 poeua
582 491 714 547 canonica
735 485 859 547 'econtra
885 491 1047 547 condemnat
1096 489 1382 562 pradictounnttestu
1398 489 1566 558 peonitentiae
1584 489 1662 559 signs
1687 495 1891 562 precesserint,

254 591 329 658 (aa),
344 603 392 643 eos
405 587 487 641 etiam
503 585 723 656 delinquentibus
742 583 835 642 iacere
863 586 1046 656 interpretans
1097 593 1125 640 et
1139 595 1248 653 propter
1267 584 1319 638 boc
1333 581 1475 638 absolutus
1489 581 1560 652 apud
1572 581 1655 636 Derim
1672 597 1734 638 osse
1750 585 1889 654 credatur,

254 681 311 750 qui,
327 695 390 734 cum
409 679 533 749 possint,
549 677 695 734 tttauiiesto
715 678 829 734 iecinori
852 679 979 735 desistant
996 681 1047 735 ob·
1098 674 1279 732 absolutusnb
1296 673 1415 730 Ecclesia
1427 675 1463 728 sit
1474 674 1622 730 babentlus.
1641 675 1695 734 Sed
1712 680 1890 744 ecorttrario,

253 775 339 829 riare.

254 904 318 945 rues
335 904 360 943 s.
382 902 681 944 asststnoscttoetsmt
701 904 736 944 er
751 903 900 947 wttrsnro
915 901 1047 945 cusomco

340 975 344 980 ’
498 997 521 1062 ’1
576 996 729 1040 τιιινιειιιι.

290 1095 346 1167 (95)
367 1094 497 1164 supereo
512 1109 565 1163 tpto
579 1108 629 1149 nos
643 1103 733 1150 restra
748 1093 877 1150 discretio
891 1095 1047 1166 requisivit,

255 1185 381 1242 videlieet
405 1187 472 1258 quid
501 1184 657 1242 iacientium
680 1185 765 1242 sitde
791 1187 834 1248 bis
862 1187 909 1257 qui
925 1187 1047 1259 captioni

254 1277 332 1334 bona·
347 1279 486 1336 memoriae
500 1278 662 1335 Beluumsis
680 1279 818 1350 episcopi,
831 1295 864 1334 cs
885 1295 937 1351 qua
951 1280 1049 1352 digno·

255 1370 342 1427 scitur
361 1386 377 1426 a
399 1371 562 1441 quibusdam
573 1373 635 1429 aliis
647 1373 836 1429 crudelissime
850 1373 1046 1445 iuteremptus,

255 1477 285 1517 se
299 1461 431 1518 diabolico
445 1464 579 1520 instinctu
592 1464 750 1520 interfuisse
761 1464 895 1531 latentur,
911 1465 933 1520 si
949 1466 982 1519 ad
998 1465 1048 1523 Ec·

256 1554 369 1610 clesiam
389 1554 481 1612 redire
502 1555 650 1618 soluerint,
674 1555 772 1625 inqua
792 1555 848 1611 sint
870 1553 960 1611 iorma
974 1557 1047 1612 reci·

253 1647 347 1717 piendi
363 1647 398 1703 ab
408 1663 452 1715 ea,
463 1648 543 1703 robis
558 1646 648 1702 taliter
673 1649 881 1717 respondemus,
900 1649 1048 1718 quodcum

258 1747 313 1792 tam
340 1753 453 1795 enorme
485 1738 617 1810 flagitium
644 1739 734 1794 debita
763 1738 879 1795 uelimus
902 1737 1087 1798 severitatell

258 1830 371 1898 punire,
383 1845 418 1887 ue
431 1829 546 1886 facilitas
574 1833 659 1887 tertiae
679 1832 846 1886 lucentiruut
866 1834 984 1900 prebeat
1001 1835 1049 1890 tle-

257 1922 408 1992 linquendi,
421 1923 446 1979 si
455 1924 641 1979 communioni
656 1923 777 1980 bdelium
790 1925 963 1982 reconciliari
976 1927 1049 1983 desi·

259 2104 314 2161 uisi
326 2103 397 2160 lot-te
411 2103 544 2160 articulus
566 2103 664 2160 mortis
686 2107 837 2172 irumiueat,

256 2186 388 2266 impediat
401 2195 544 2264 mpitalis:
563 2196 662 2266 quibus
677 2197 704 2251 iu
716 2201 919 2267 utroque'easu,
940 2207 1050 2270 recepta

257 2288 405 2345 secuudum
420 2287 534 2345 lormam
547 2288 674 2344 Ecclesiae
686 2290 912 2348 sufficientissima
924 2293 1054 2350 cautione

259 2382 333 2448 quod
349 2380 447 2437 vestris
461 2380 576 2438 debeant
587 2381 697 2438 obedire
712 2382 861 2452 mandatis,
872 2385 1051 2446 absolutionis

258 2469 421 2527 benebcium
438 2480 531 2528 nostra
547 2474 711 2529 auctoritaie
729 2477 842 2545 potestis
864 2476 1024 2548 impendere
1041 2517 1050 2544 ,

259 2559 295 2616 ita
312 2571 404 2619 tanuen
419 2566 493 2634 quod
513 2565 720 2635 opportunitate
743 2568 867 2638 recepta,
892 2570 1051 2640 suscepturi

144 2647 151 2661 '
258 2653 437 2720 rrtaudatum,
459 2653 495 2712 ad
522 2657 615 2712 mdetn
640 2658 817 2728 apostolicam
836 2662 970 2718 accedero
996 2675 1051 2718 non

259 2754 435 2817 postponant.
726 2747 733 2758 '

449 2877 515 2924 tusrt
528 2877 626 2921 tentat
639 2879 732 2922 suscrt
748 2881 871 2923 annues.

297 2975 354 3048 (bl)
369 2966 391 3031 ti
412 2976 491 3033 uobis
502 2984 545 3033 est
558 2993 629 3048 saepe
644 2979 787 3049 quaesitum
807 2988 897 3034 utrum
912 2980 935 3034 si
954 2981 1054 3050 abtqtris

1098 781 1159 821 cum
1174 779 1206 820 ει
1222 765 1279 820 sola
1301 766 1378 837 culpa
1401 765 1500 835 ligctur
1513 761 1584 836 quus,
1601 769 1689 836 quoad
1707 769 1804 848 Erum,
1820 773 1890 840 apnd

1100 855 1289 924 triumphalem
1312 855 1473 924 Ecclesiattt,
1489 871 1523 912 et
1547 856 1605 913 solo
1622 861 1759 916 sententia
1781 860 1894 930 ligetur,¹

1098 946 1186 1016 quoad
1200 945 1423 1016 ltomiuom,apud
1441 946 1587 1002 Ecclesiam
1603 936 1896 1020 militantemqtmndo

1099 1037 1235 1096 uinculum
1260 1039 1345 1110 culpae
1368 1041 1524 1107 rerttittitur,
1539 1042 1690 1098 absolvitur
1706 1045 1778 1114 apori
1795 1045 1890 1109 ὓειιιιι,

1099 1131 1146 1188 sed
1160 1133 1230 1202 apud
1253 1129 1376 1186 ltoutiues
1390 1145 1441 1184 tton
1465 1130 1616 1188 absolvitur
1631 1134 1683 1189 nisi
1703 1135 1813 1204 quando
1833 1135 1895 1188 siu-

1099 1222 1190 1278 culum
1211 1223 1352 1276 sententie
1375 1220 1523 1276 relaxatur.
1541 1222 1668 1292 Alioquin
1688 1224 1818 1280 Ecclesiae
1841 1225 1891 1280 ab·

1099 1315 1199 1372 solutio
1220 1314 1372 1370 nullatenus
1399 1315 1552 1370 necessaria
1571 1315 1722 1382 rideretur,
1736 1319 1759 1374 si
1781 1320 1810 1373 in
1834 1318 1892 1374 sola

1099 1405 1191 1460 cordis
1204 1405 1368 1461 contritione
1389 1415 1488 1474 praetor
1502 1406 1670 1464 sacerdotale
1683 1408 1801 1462 urbicirrm
1819 1409 1894 1479 rigor

1102 1501 1238 1554 relaxetur
1261 1498 1453 1554 ecclesiasticae
1476 1498 1636 1568 disciplinae.
1653 1498 1707 1554 Nos
1725 1501 1807 1570 iqitur
1826 1515 1891 1558 cort·

1100 1588 1240 1646 saltationi
1256 1596 1308 1643 tuse
1327 1589 1361 1642 de
1380 1588 1494 1644 cottsilio
1516 1589 1632 1642 fratrum
1655 1598 1807 1644 uestrorum
1825 1588 1892 1644 bro·

1100 1684 1170 1737 riter
1185 1681 1389 1751 respondemus,
1405 1680 1477 1751 quod
1490 1679 1623 1749 jardiciutn
1641 1678 1687 1734 Dei
1703 1680 1892 1748 ecunacum

1101 1773 1228 1829 neciaillt
1240 1787 1292 1828 nec
1303 1770 1415 1839 lallitur,
1425 1783 1532 1839 sempor
1542 1770 1687 1836 ittuititur;
1698 1768 1832 1838 judicium
1846 1785 1894 1824 au·

1101 1876 1153 1922 tent
1172 1863 1300 1919 Ecclesiae
1317 1875 1512 1931 nonnunquam
1534 1860 1691 1930 opiuiouero
1705 1861 1889 1931 prosequitur,

658 2015 665 2028 Ι
800 2017 807 2030 ⁹
1099 1969 1180 2029 quiam
1196 1963 1223 2010 et
1236 1953 1329 2012 sollcrs
1353 1968 1425 2024 saepe
1449 1953 1581 2024 contingit
1603 1961 1630 2008 et
1651 1949 1720 2018 iulii,
1737 1961 1766 2007 ει
1785 1963 1895 2023 propter

258 2015 372 2082 riccard,
394 2014 428 2068 ad
444 2014 536 2072 sedem
551 2015 729 2086 apostolicam
746 2027 858 2074 retrtaut
872 2017 1049 2088 absoluendi,
1100 2050 1172 2120 quod
1199 2047 1331 2117 compngp

1356 2047 1490 2102 interdum
1514 2055 1543 2101 ιιι
1565 2045 1737 2118 quiliqattts
1757 2055 1800 2100 est
1825 2045 1897 2114 apml

852 2106 894 2161 '⁰¹
913 2105 1050 2166 ¹¹⁰⁸¹ffi¹²⁵
1101 2141 1198 2211 betam,
1221 2140 1360 2196 absolutus
1383 2139 1456 2209 apud
1471 2139 1620 2194 Ecclesiam
1642 2140 1689 2204 sit,
1710 2137 1800 2208 etqui
1826 2137 1895 2192 libet

1101 2242 1143 2290 est
1158 2232 1228 2303 apud
1240 2233 1334 2299 beram
1345 2229 1532 2287 ecclesiastica
1541 2231 1576 2286 sit
1589 2229 1724 2286 sententia
1737 2228 1894 2284 instetutus.

1102 2323 1244 2381 Vinculum
1258 2337 1396 2395 erqo,quo
1407 2331 1535 2393 peccatur
1546 2322 1646 2390 ttqatus
1659 2330 1701 2376 est
1713 2319 1787 2391 apud
1799 2320 1896 2386 bcurm

1102 2419 1130 2476 iu
1146 2419 1233 2490 cttlpae
1267 2417 1427 2473 remissione
1453 2414 1620 2471 dissolvitur.
1644 2413 1712 2470 illud
1732 2422 1825 2469 autem
1842 2427 1901 2484 quo

1103 2511 1202 2584 ligatus
1221 2519 1264 2567 est
1284 2509 1356 2582 apud
1373 2507 1531 2569 Ecclesiam,
1548 2521 1609 2562 cnm
1627 2505 1765 2562 sententia
1780 2503 1896 2560 remitti·

1104 2615 1156 2669 tur,
1180 2602 1340 2659 relaxatur:
1358 2600 1430 2670 quoti
1450 2602 1477 2655 lu
1501 2599 1681 2654 suscitatione
1693 2597 1790 2652 Lazari
1805 2609 1897 2652 sermo

1103 2693 1277 2765 evangelicus
1290 2691 1453 2755 manifestat,
1469 2705 1549 2761 quem
1566 2691 1642 2760 prius
1664 2689 1795 2744 botulum
1809 2686 1896 2743 maei-

1103 2788 1181 2852 tntit,
1195 2794 1223 2841 et
1238 2783 1367 2854 apostulis
1392 2784 1519 2854 pracepit
1535 2782 1706 2852 postmodum
1723 2779 1831 2836 soluere
1850 2794 1899 2833 sn.

1104 2879 1239 2934 scitatum.
1253 2877 1330 2934 llrtde
1348 2886 1590 2948 quantumcunque
1610 2873 1758 2945 predictus
1774 2888 1814 2936 se,
1823 2871 1896 2939 jura·

1104 2980 1197 3044 metato
1223 2971 1347 3040 praestito
1370 2967 1441 3040 quud
1468 2966 1598 3022 Ecclesiae
1624 2965 1754 3022 mandato
1778 2973 1895 3034 pareret,

260 3066 561 3129 excommunicatus,in
581 3083 635 3138 quo
647 3068 745 3122 indicia
763 3068 864 3125 inerint
881 3070 1087 3140 poettitentiaec
1105 3062 1250 3120 [bilbilim
1275 3061 1422 3126 willerii·
1446 3068 1691 3129 l⁰i¹¹¹i¹¹¹¹⁸l¹⁴¹i⁰⁶
1704 3055 1732 3110 5¹¹
1755 3069 1789 3110 ω
1811 3054 1897 3124 poeni-

261 3155 1056 3230 manifestamecpereumsteteritquomiuusreconcilietur

261 3248 451 3311 ecclesiasticae
465 3252 572 3317 unitati,
588 3267 640 3309 nort
660 3254 931 3323 strseeptobonebcio
943 3256 1055 3313 absolu·

263 3341 345 3397 tionis
367 3342 527 3409 decesserit,
548 3358 599 3414 pro
619 3343 746 3414 absoluto
767 3345 802 3401 ab
817 3346 937 3403 Ecclesia
952 3349 988 3404 sit
1006 3352 1056 3405 lra-

207 3435 213 3445 ‘
261 3435 367 3491 bendm
379 3442 407 3490 et
421 3444 512 3491 utrum
523 3451 573 3506 pro
588 3436 637 3493 tali
655 3437 812 3508 recipienda
825 3440 860 3493 sit
871 3440 1054 3511 eleemosyna,

263 3536 318 3581 eta
339 3526 465 3583 lltlelibus
477 3527 512 3583 sit
523 3529 669 3584 orantium.
689 3528 724 3586 bt
741 3540 831 3587 antem
843 3531 914 3600 quoti
935 3532 1054 3588 intendi·

264 3632 325 3675 tuus
343 3632 392 3690 per
415 3620 629 3690 suppositionem
650 3621 766 3691 exernpli
780 3624 901 3693 apertius
919 3626 1055 3695 exprima-

265 3710 454 3781 trtus,quidam
466 3714 611 3783 presbyter
623 3721 652 3768 et
665 3714 814 3769 canonicus
827 3715 970 3786 regularis,
985 3716 1057 3771 sicut

264 3819 314 3875 per
327 3813 387 3860 tuas
399 3805 477 3861 uobis
489 3805 595 3861 litteras
608 3804 751 3872 intimasti,
771 3822 832 3862 cum
849 3806 955 3878 publica
978 3808 1056 3864 labo·

266 3906 340 3952 taret
353 3896 465 3951 iulamia
479 3897 551 3966 quod
565 3897 599 3950 nd
611 3896 758 3968 quamdam
780 3898 952 3968 conjugatam
974 3913 1055 3954 acce·

265 3986 352 4051 deret,
377 3986 490 4041 maritus
513 3986 634 4057 ejusdem
663 3987 786 4045 mulieris
810 4000 838 4046 et
861 3992 1056 4061 cortsauguinei

266 4074 325 4143 citus
343 4075 369 4130 in
394 4090 456 4129 ettm
478 4092 574 4133 uranus
599 4078 752 4149 injecerunt
775 4090 878 4137 temere
899 4083 1055 4139 uiolentas:

164 4229 167 4236 ¹
266 4175 378 4239 propter
392 4170 463 4238 qnod
477 4180 525 4238 per
539 4170 693 4241 episcopum
704 4171 854 4227 dettuotiati
870 4182 931 4228 sttrtt
945 4188 1057 4229 excom·

1107 3155 1200 3213 lentie
1217 3155 1293 3226 signa
1309 3151 1509 3224 precesserint,
1524 3149 1588 3223 quia
1614 3158 1811 3206 tanrenmorte
1825 3164 1897 3220 prae·

1106 3256 1204 3305 tentus
1219 3246 1399 3304 absolutionis
1413 3259 1467 3300 nou
1483 3244 1571 3315 potuit
1586 3242 1748 3299 bettellciutn
1760 3240 1898 3306 obticuere,

1107 3338 1231 3411 quamtis
1244 3339 1313 3409 apud
1325 3339 1408 3393 Deum
1431 3334 1572 3391 absolutus
1584 3334 1668 3391 luisse
1681 3335 1820 3398 credatur,
1832 3346 1900 3386 tron-

1107 3430 1171 3485 dum
1193 3438 1281 3483 tamen
1294 3426 1435 3484 babendus
1445 3436 1487 3484 est
1502 3426 1643 3483 absolutus
1659 3428 1731 3495 apud
1749 3424 1898 3480 Ecclesiam

1107 3519 1200 3577 Potest
1209 3530 1299 3576 tanuen
1306 3528 1333 3575 et
1342 3519 1423 3575 debet
1432 3520 1457 3575 ei
1468 3519 1596 3576 Ecclesiae
1607 3518 1740 3574 beneticio
1750 3516 1902 3582 subreniri,

1106 3614 1178 3669 sicut
1198 3626 1259 3667 cum
1277 3615 1311 3668 de
1335 3614 1420 3682 ipsius
1439 3612 1555 3669 titeutis
1574 3612 1734 3684 poenitentia
1765 3626 1817 3681 per
1844 3609 1899 3665 esi-

1108 3705 1200 3760 deutia
1217 3705 1293 3775 siqua
1308 3694 1471 3772 constiterit,
1487 3703 1707 3760 tleluttctoetiam
1721 3704 1901 3760 absolutionis

1107 3794 1270 3851 beneficium
1291 3796 1475 3866 impendatur.
1490 3794 1545 3851 Nee
1565 3797 1658 3851 obstat
1674 3796 1748 3867 quoti
1772 3796 1899 3852 Ecclesia

1108 3887 1206 3959 legitur
1220 3886 1351 3942 attributa
1370 3896 1492 3957 protectas
1503 3888 1603 3958 ligandi
1620 3902 1652 3943 ac
1674 3888 1798 3943 soluendi
1814 3888 1902 3943 boma

1108 3996 1157 4037 nes
1180 3994 1262 4051 strqrer
1279 3987 1394 4046 terrum,
1414 3986 1544 4050 tanquam
1565 3994 1619 4036 non
1642 3981 1729 4051 possit
1754 3979 1902 4037 solvereet

1109 4074 1192 4144 ligare
1205 4074 1255 4129 sub
1276 4084 1347 4129 terra
1369 4072 1543 4142 reputasset
1560 4074 1632 4144 quod
1650 4074 1750 4147 legitur
1773 4090 1807 4131 ue
1831 4090 1898 4130 cortr-

1110 4166 1264 4220 muuicetur
1287 4172 1395 4220 mortuo
1419 4164 1462 4222 cui
1479 4180 1532 4221 uon
1559 4176 1602 4223 cst
1626 4166 1858 4223 communicatum
1874 4175 1899 4221 et

196 4322 199 4326 ,
268 4259 459 4316 tmtnicationis
473 4262 614 4317 sententiae
635 4263 785 4335 subjacere.
803 4266 902 4321 ilerum
918 4266 969 4337 ipsi
984 4276 1059 4336 post-
1108 4256 1186 4323 Vli⁰i
1201 4270 1262 4310 ⁰¹¹¹¹¹
1277 4255 1330 4311 ⁰¹⁸1
1351 4258 1582 4312 00mffl¹¹⁰lffl¹¹¹m
1598 4272 1651 4313 ¹¹⁰¹!
1668 4258 1763 4321 suelli,
1777 4272 1898 4313 commu·

267 4352 377 4406 tnodum
392 4351 562 4407 adcumulem
577 4354 732 4425 episcopum
750 4358 922 4423 acquietum,
938 4358 1058 4428 pemmo
1110 4342 1255 4403 rticaudunt
1279 4355 1369 4404 tamen
1383 4348 1420 4403 illl
1438 4348 1544 4417 luisset,
1558 4364 1639 4418 qttem
1659 4363 1713 4404 uun
1730 4358 1901 4421 contemptus

268 4444 296 4498 in
310 4443 433 4499 manibus
447 4443 506 4513 ejus
521 4446 592 4515 quod
610 4444 849 4517 parerentjudlcio
861 4446 989 4504 Ecclesia
999 4464 1059 4504 cnr.
1078 4427 1099 4488 D
1113 4443 1250 4513 religionis
1261 4444 1307 4499 scil
1324 4440 1494 4499 necessitatis
1515 4441 1648 4498 articulus
1662 4442 1813 4513 impedivit,
1828 4454 1856 4498 ει
1874 4446 1898 4499 in

269 4534 396 4605 poraliter
406 4535 575 4604 juramento,
588 4538 615 4591 in
627 4537 762 4592 mandatis
776 4550 937 4607 receperunt
952 4540 986 4595 ab
1001 4542 1060 4612 ipso
1111 4534 1193 4589 certis
1204 4533 1313 4589 casibus
1327 4547 1342 4588 a
1360 4532 1509 4589 canonibus
1532 4531 1669 4590 denotatis
1683 4534 1784 4606 ligasse
1795 4535 1900 4605 legatur

269 4628 463 4697 quodpropter
483 4628 535 4685 boc
559 4628 707 4699 apostolico
721 4644 750 4684 se
770 4631 923 4700 cortspectui
940 4646 1060 4702 pensan.
1111 4624 1231 4681 Ecclesia
1252 4632 1378 4679 mortuos
1397 4632 1424 4681 et
1441 4624 1565 4681 soluisse.
1581 4624 1617 4683 llt
1629 4636 1721 4682 autem
1734 4627 1762 4683 in
1779 4642 1834 4682 uno
1853 4642 1900 4698 pa·

271 4726 369 4772 tarent.
390 4718 514 4788 Cumque
536 4734 607 4775 unus
622 4718 821 4776 illornmsead
840 4722 892 4776 iter
904 4723 1061 4794 accingeret
1111 4717 1178 4772 riter
1198 4717 1349 4788 eodemque
1376 4716 1489 4787 negotiu
1509 4724 1537 4772 et
1564 4732 1705 4775 servemus
1731 4718 1852 4790 rigorem
1874 4726 1902 4773 et

269 4806 405 4875 sortiendi,
422 4822 436 4861 a
461 4807 621 4878 quibusdam
644 4808 701 4865 suis
722 4809 829 4865 zemulis
842 4822 885 4865 est
904 4821 1061 4883 peretuptns
1111 4809 1345 4866 mansuetudinem
1356 4810 1540 4875 rrsoendamus,
1550 4812 1694 4866 statuimus
1705 4818 1736 4865 ut
1747 4810 1821 4866 illius
1830 4824 1901 4865 mor·

270 4908 297 4954 et
310 4906 386 4955 extra
408 4902 597 4957 coemeterium
621 4900 749 4957 Ecclesiae
777 4902 937 4959 turnulatus.
950 4904 984 4960 Et
998 4903 1061 4959 licet
1111 4900 1149 4957 tui
1166 4900 1299 4957 absolutio
1313 4916 1328 4955 a
1340 4899 1405 4955 sede
1419 4899 1563 4970 apostolica
1583 4901 1749 4973 requiratur,
1765 4902 1824 4972 qui,
1840 4916 1899 4958 cutn

270 5000 365 5047 contra
380 4991 570 5050 interfectores
585 4995 666 5049 amici
681 5003 709 5050 et
716 4994 911 5066 consanguinei
925 4994 1061 5055 interiecti
1111 4992 1267 5059 tireretab
1278 4990 1426 5064 apostolica
1440 4990 1505 5047 sede
1522 4990 1612 5047 luerat
1625 4991 1816 5048 absolvendus.
1829 4992 1900 5047 Alio-

271 5083 391 5153 prasiter
404 5084 460 5140 sint
477 5070 616 5154 commoti,
635 5086 675 5142 eis
691 5096 782 5143 tameo
795 5101 903 5143 ontueru
917 5102 1059 5144 rancorem
1111 5100 1173 5143 rum,
1184 5096 1274 5142 autern
1297 5084 1495 5141 absolutionem
1513 5099 1547 5142 es
1566 5086 1707 5157 praemissa
1724 5095 1900 5141 caesareae·

255 5174 443 5231 ·remittereut
455 5183 485 5232 et
506 5175 647 5242 offensam,
659 5180 807 5237 durrrmotlo
828 5180 967 5237 interiecti
980 5181 1061 5237 cada·
1113 5180 1150 5234 ris
1165 5178 1359 5249 indulgemusa
1375 5178 1485 5248 quibus,
1500 5194 1562 5235 curu
1582 5178 1718 5245 virerent,
1735 5178 1844 5233 ineram
1854 5176 1900 5231 sb·

270 5277 321 5320 rer
344 5264 499 5320 traderetur
521 5266 712 5332 ecclesiastice
740 5268 894 5339 sepulture.
921 5268 1062 5325 ilideretur
1112 5270 1243 5328 solvendi.
1254 5268 1439 5327 absolutionis
1450 5278 1541 5327 autern
1555 5268 1642 5326 iorma
1663 5277 1798 5335 serretur,
1811 5274 1842 5322 ιιι
1856 5265 1901 5319 ilat

262 5353 356 5424 ·lqitur
371 5353 464 5411 lorsau
480 5357 507 5414 in
521 5358 575 5415 boc
594 5373 657 5417 casu
674 5361 835 5431 quibusdam
847 5361 919 5432 qnod
934 5375 996 5415 curn
1017 5376 1062 5415 sa·
1112 5378 1174 5420 cnm
1189 5360 1370 5433 poeuitentiali
1382 5360 1488 5431 psalmo
1504 5369 1532 5418 ει
1556 5370 1611 5417 tarn
1624 5360 1749 5416 oratioue
1762 5356 1903 5414 [lominica

273 5456 444 5503 crumentum
458 5464 512 5505 non
526 5450 697 5508 necessitatis
719 5452 851 5509 articulos
874 5454 922 5509 sed
940 5462 1063 5508 conteut-
1113 5468 1195 5526 quam
1211 5454 1264 5509 alia
1277 5462 1415 5510 consueta.
1430 5453 1556 5510 Ηιειειιεε
1570 5461 1660 5509 tamen
1676 5451 1760 5523 ipsius
1774 5450 1808 5504 ad
1823 5448 1905 5504 satis«

274 5546 338 5607 ptus
349 5540 490 5614 religionis
500 5540 638 5608 excludat,
656 5553 685 5599 et
703 5542 834 5615 judicium
851 5544 980 5605 Ecclesia
994 5541 1063 5600 diti·
1113 5546 1258 5603 lectionem
1273 5544 1426 5601 iaciendum
1451 5560 1501 5615 pro
1516 5544 1618 5616 ipso,si
1635 5542 1795 5603 commoniti
1810 5554 1905 5613 ptrere

312 5652 368 5719 (Μ)
380 5654 448 5737 bist.
460 5656 505 5722 85,
521 5672 547 5711 c.
560 5654 653 5711 Error,
1150 5660 1206 5734 tut)
1224 5660 1284 5717 bib.
1301 5676 1332 5727 tt,
1345 5659 1425 5731 epist.
1439 5660 1486 5715 ut.

314 5722 371 5793 (93)
388 5724 454 5781 little
467 5727 514 5785 lib.
527 5742 557 5796 u,
571 5742 615 5798 ep.
630 5727 674 5783 27.
