4109 6325
302 326 373 383 tt'st
707 310 882 370 tentanti
901 309 948 366 illi
967 301 1204 366 necestotttttt
1222 297 1370 359 l‘RillliES
1389 295 1524 354 uonna.

301 437 425 513 magistri
440 433 561 491 omnious
580 428 769 500 magisterium
794 427 880 483 suncti
905 425 1002 480 Patres
1025 423 1087 479 diii·
1103 424 1180 482 Are.
1195 416 1308 483 Quodsi
1326 415 1396 470 ultro
1414 415 1526 485 ostioque
1537 427 1638 468 nterrrer
1654 425 1701 484 per
1713 425 1790 467 sonos
1802 413 1942 484 replicen-

303 531 409 601 geotius
420 527 592 583 attendentes
604 522 721 592 maiores
734 519 861 576 Ecclesia
872 533 985 593 causas,
995 523 1090 585 utpote
1143 513 1208 566 tione
1225 510 1361 565 retinuerit
1375 507 1509 563 ritinonrn
1524 503 1686 573 Ecclesium,
1699 521 1745 560 ner
1763 505 1800 559 itt
1813 523 1859 560 nec
1870 507 1943 562 nitet

302 619 440 676 cessiones
464 618 654 688 episcoporum
666 622 693 670 et
702 612 806 668 sedinru
818 609 1018 671 translationes,
1032 607 1091 662 sion
1143 601 1346 658 consecrationis
1361 601 1460 654 donrrnr
1471 598 1607 668 percipiet,
1621 599 1673 652 imo
1688 598 1884 669 nretropoiitnni
1896 600 1944 653 sui

303 694 1092 782 apostolieusedislicentialteriuetueruunutcaouaesola
1140 693 1244 764 judicio
1268 693 1353 747 ceint.
1376 691 1443 746 Cum
1464 699 1538 744 recte
1561 689 1722 761 intelligenti
1743 691 1856 746 dubious
1874 705 1943 747 esso

304 801 409 856 ohtiuet
431 795 628 869 plenitudinem
645 789 789 864 potcstatis
807 789 839 844 de
864 787 908 843 his
923 785 1092 855 disponeret,
1146 801 1199 839 nou
1210 783 1380 853 deheotqrriu
1395 783 1421 837 iu
1442 781 1496 837 alio
1507 796 1571 837 casu
1583 779 1720 850 lortuutur,
1731 794 1766 836 ue
1778 779 1851 836 lorte
1863 781 1943 852 qrrod

303 905 355 948 nec
370 891 465 946 liceret
475 888 556 944 alicui
569 887 603 942 de
616 884 774 957 episcopatu
789 880 823 936 ad
833 881 1017 950 episcopatum
1034 874 1093 929 sine
1144 885 1186 930 est
1200 883 1331 930 statuturo
1350 875 1383 926 ad
1400 886 1507 941 poeuatu
1523 871 1647 927 trahatur
1666 872 1700 926 ad
1714 872 1832 943 gratinus
1844 873 1866 928 si
1887 887 1941 942 per

303 983 390 1054 ipsius
407 981 572 1038 arrctoritate
590 977 717 1032 transire.
733 967 983 1040 erodrcocrahilis
1008 966 1093 1020 irater
1144 972 1198 1028 hoc
1222 968 1434 1040 metropolitano
1460 968 1555 1023 liceret
1578 979 1639 1022 eum
1660 957 1742 1037 qurum
1767 969 1881 1024 eiectum
1908 969 1939 1024 in

303 1078 398 1126 noster
411 1067 579 1125 Turonensis
602 1064 823 1136 archiepiscopus
839 1059 928 1114 miuus
939 1072 1021 1127 uuam
1045 1056 1093 1110 iro·
1144 1063 1301 1135 episcopum
1317 1060 1544 1124 coniectaverat,
1557 1067 1586 1112 ut
1601 1060 1634 1113 ad
1646 1061 1777 1127 majorem
1793 1061 1939 1130 episcopa-
2041 1073 2042 1116 ι

304 1161 364 1216 nori
379 1173 430 1216 suo
442 1158 584 1230 expediret
606 1155 751 1211 attendens
764 1150 877 1222 ,posuit
900 1152 993 1204 sedent
1014 1160 1092 1202 suam
1147 1162 1204 1208 tunt
1220 1153 1360 1220 transiret,
1385 1149 1536 1203 ahsnlrere.
1554 1146 1649 1204 Sedet
1670 1148 1825 1216 hujusmodi
1836 1149 1939 1214 cessio,

305 1251 505 1322 quodammodo
516 1249 550 1304 ud
562 1247 763 1318 aquilonem,et
773 1242 860 1314 patris
876 1239 1023 1296 thalamum
1037 1236 1096 1292 uio-
1146 1259 1207 1316 qnae
1220 1244 1313 1314 portus
1328 1251 1370 1298 est
1394 1242 1509 1297 uicenos
1528 1239 1665 1310 ueJectto,
1682 1255 1736 1294 nno
1757 1241 1785 1295 llt
1809 1241 1868 1296 stne
1883 1241 1941 1296 tto.

306 1341 388 1402 larit,
405 1340 564 1410 magistrum
579 1337 624 1394 W.
641 1338 674 1393 de
690 1334 872 1406 chimilegio,
893 1331 940 1402 qni
955 1331 982 1385 itt
1003 1328 1095 1384 dibri·
1148 1336 1220 1391 mani
1237 1333 1376 1407 pontilicis
1387 1347 1517 1388 cotrccssa
1530 1331 1651 1394 licentia,
1661 1333 1737 1404 crrJrrs
1751 1333 1819 1420 lines
1833 1332 1940 1388 nemini

306 1430 381 1485 tensi
394 1429 513 1485 Ecclesia
524 1427 626 1484 eliciti
637 1425 743 1490 luerat,
759 1433 787 1479 et
795 1438 844 1493 per
858 1419 1096 1490 metropolitanum
1147 1424 1209 1480 licet
1220 1425 1370 1488 excedere,
1384 1422 1429 1492 qni
1444 1435 1492 1492 per
1506 1421 1579 1475 illam
1594 1423 1812 1478 constitutionem
1830 1431 1941 1479 rustro-

304 1537 382 1576 suurn
397 1519 568 1588 posturnduru
578 1517 755 1572 cottdrmatus
766 1512 793 1568 iu
806 1529 838 1568 ca
851 1510 1097 1567 diotiosmiuistra-
1147 1515 1276 1587 politauis
1290 1513 1403 1569 indulsit
1420 1521 1511 1569 utens
1528 1512 1574 1582 qui
1595 1513 1745 1567 consecrari
1759 1523 1941 1586 contempse-
2041 1549 2042 1552 =

304 1611 389 1675 rat,io
397 1611 616 1681 dudeganeuscur
626 1605 926 1662 Ecclesiamtrauslilrre
933 1617 1099 1674 presumens
1149 1608 1207 1662 riut
1218 1617 1280 1678 post
1291 1605 1456 1678 praehuitnm
1471 1617 1577 1675 tempus
1592 1619 1625 1660 es
1645 1604 1715 1658 illius
1729 1605 1939 1662 constitutionis

303 1712 331 1759 ct
342 1705 368 1758 in
389 1703 445 1771 ipsa
463 1702 617 1772 episcopum
631 1697 927 1769 proteranctoriutteut
942 1697 1014 1751 sedis
1030 1710 1096 1765 opo·
1150 1700 1260 1757 lieentia
1271 1699 1376 1768 possint
1392 1695 1520 1766 dejicere,
1537 1706 1567 1752 ut
1578 1713 1715 1769 uuuqoaru
1731 1699 1762 1754 de
1776 1708 1876 1754 cetero
1888 1715 1940 1753 ru·

304 1793 404 1850 stolicec
425 1805 596 1856 consecrare,
620 1805 684 1848 cunt
709 1790 820 1845 duhiurn
844 1801 972 1844 essenon
999 1789 1096 1844 dehent
1113 1763 1133 1822 Β
1148 1793 1221 1849 leant
1238 1789 1402 1846 consecrari.
1415 1787 1470 1844 Neo
1485 1788 1584 1845 dicitur
1596 1788 1719 1844 Ecclesia
1732 1789 1841 1845 vitnau
1852 1791 1933 1860 guasi

303 1885 375 1956 quod
389 1895 450 1954 post
463 1882 661 1940 electioocmet
681 1880 911 1952 continuationem
930 1877 1095 1948 episcopatui
1146 1896 1276 1953 sponsum
1292 1895 1346 1937 unu
1367 1878 1491 1944 lrabeat,
1510 1879 1558 1934 sed
1578 1879 1642 1948 quio
1659 1893 1721 1933 cunr
1746 1891 1862 1946 sponsus
1875 1881 1934 1948 ejus

303 1971 461 2031 Albricensi
472 1971 663 2029 sacramentali
678 1969 802 2040 corrjugio
813 1968 902 2024 lucrat
917 1967 1051 2038 alligatus,
1063 1981 1095 2022 ac
1146 1975 1262 2029 nonnum
1287 1971 1370 2026 tuerit
1391 1979 1582 2034 consecratus,
1600 1970 1690 2025 atllruc
1711 1970 1802 2039 qrroad
1812 1973 1934 2040 qondam

304 2081 353 2136 per
367 2067 422 2121 hoc
436 2063 584 2121 secundom
606 2061 728 2133 Apostoli
751 2059 861 2115 terbum
883 2073 1006 2130 querele
1019 2055 1093 2112 solu·
1144 2065 1221 2134 quasi
1243 2047 1505 2119 ririutau'etsolatio
1522 2060 1663 2116 destituta.
1687 2059 1727 2114 Ne
1746 2073 1812 2116 uero
1836 2075 1934 2116 unsrun

304 2144 407 2212 lienem
434 2170 487 2211 ttott
512 2153 607 2210 delinit
627 2152 678 2206 nisi
698 2158 802 2206 laniunt
824 2151 858 2204 uh
871 2165 904 2205 eo
919 2164 999 2219 qttent
1021 2149 1093 2202 illius
1144 2153 1246 2225 aliquid
1260 2161 1380 2209 statuere
1397 2167 1480 2222 super
1497 2151 1550 2208 hoc
1572 2151 1725 2215 uideamur,
1745 2154 1817 2220 quod
1839 2164 1933 2207 contro

305 2253 415 2301 constat
427 2259 488 2302 esse
501 2243 632 2300 ricarium
648 2243 693 2312 qui
706 2241 772 2298 dicit
785 2241 813 2294 in
834 2241 999 2311 Evangelio:
1018 2239 1093 2305 Quod
1145 2243 1330 2301 uerrernhilem
1343 2243 1456 2299 tratrem
1480 2249 1604 2298 nostrum
1625 2239 1811 2312 patriarcham
1838 2243 1933 2298 Aritiu-

304 2335 376 2392 lieus
389 2335 524 2402 coniunait
538 2335 615 2389 homo
631 2351 681 2388 non
694 2340 795 2402 separet
813 2331 923 2404 (ilntun
937 2330 1006 2401 xrs).
1017 2330 1094 2386 liudo
1143 2338 1261 2392 ottonom
1287 2344 1316 2391 et
1331 2332 1363 2391 L.
1387 2333 1586 2406 Tripolitanum
1610 2334 1711 2388 dicturo
1733 2333 1933 2404 episcopantur

304 2427 499 2497 idemqnoque
520 2423 650 2494 magister
664 2424 698 2479 de
721 2423 870 2479 ctrtneteio
884 2423 963 2493 hrrjns
982 2438 1035 2477 stou
1053 2431 1104 2478 cst.
1144 2426 1226 2482 simili
1252 2440 1318 2481 casu
1346 2425 1426 2480 sedes
1452 2423 1549 2478 statuit
1575 2423 1724 2492 apostolica
1756 2425 1934 2493 prosecutione

305 2518 457 2574 credendus
470 2515 691 2586 praesumptionis
703 2513 843 2581 irumuuis,
861 2512 909 2582 qui
923 2521 1018 2581 sponte
1033 2527 1095 2582 pas·
1145 2517 1243 2572 litteris
1280 2515 1399 2572 lldeliter
1429 2514 1557 2570 duximus
1590 2514 1799 2586 esprtroerntoro
1821 2515 1933 2584 llil:

305 2623 354 2664 sos
367 2618 409 2664 est
434 2607 525 2661 taliter
550 2621 580 2659 sc
603 2605 753 2660 translerri.
779 2604 819 2660 Ne
837 2605 919 2676 igitur
935 2612 1009 2658 tursta
1024 2617 1094 2674 pru·
1144 2607 1305 2662 Antiocheno
1319 2607 1488 2675 patriarche.
1504 2603 1571 2660 Coro
1583 2621 1616 2660 en
1630 2604 1677 2659 illo
1696 2605 1814 2674 generali
1825 2606 1932 2675 priuile-

305 2699 425 2768 sumptio
440 2708 580 2753 rcrnaueat
601 2697 733 2766 impunita
749 2735 757 2760 ,
774 2705 802 2749 et
827 2711 860 2749 cs
880 2695 931 2750 hoc
956 2703 1094 2750 accrescat
1144 2698 1269 2768 pinquat!
1284 2698 1360 2752 desto
1378 2696 1552 2767 Petroetper
1573 2712 1633 2751 enm
1653 2695 1781 2751 Ecclesite
1805 2695 1933 2750 liornnose

306 2790 369 2844 aliis
382 2789 496 2843 audacia
511 2788 703 2859 delinquendi,
719 2787 881 2842 fraternitati
897 2797 948 2841 tum
964 2802 1012 2856 per
1026 2802 1093 2857 apo·
1144 2790 1272 2844 Dorrrinns
1288 2799 1376 2844 noster
1386 2789 1496 2844 indulsit
1517 2789 1645 2844 eonouieu
1661 2789 1828 2855 postmodnm
1843 2805 1937 2842 mour-

305 2880 401 2936 stolica
414 2881 515 2948 scripta
528 2883 689 2934 muurtamus
702 2889 837 2948 quatenns
852 2878 915 2932 licet
925 2878 977 2933 hoc
992 2877 1092 2934 lactum
1145 2880 1226 2936 serint
1242 2879 1362 2933 institntn
1388 2879 1550 2934 continentia
1573 2875 1687 2944 maiores
1702 2859 1827 2933 liselesin
1841 2895 1935 2932 cousus

305 2969 431 3025 rideatur
453 2983 513 3025 esse
538 2969 675 3024 notorium
689 3008 697 3032 ,
713 2967 784 3038 quod
804 2968 886 3023 etiarn
906 2967 1093 3039 ipsiusarclti·
1144 2986 1200 3026 esse
1218 2973 1252 3025 sd
1272 2973 1359 3026 sedens
1383 2971 1556 3042 apostolicum
1576 2973 1766 3041 perferendos,
1781 2989 1812 3024 nc
1830 2971 1936 3040 perluor

307 3059 425 3129 episcopi
447 3059 533 3114 nuntii
549 3072 602 3112 unu
621 3065 851 3128 presumpserunt
873 3058 900 3112 in
915 3067 1008 3113 nostra
1024 3074 1093 3130 prce-
1144 3059 1330 3116 translationes
1345 3062 1536 3130 episcoporum,
1563 3061 1631 3115 sieut
1651 3061 1824 3130 depositiones
1843 3075 1935 3114 eorem

306 3152 392 3207 sentia
404 3149 528 3217 dillltcri,
544 3151 577 3206 ad
590 3150 812 3207 abundantiorem
831 3158 922 3207 tomen
942 3151 1087 3221 cautelam,
1143 3159 1168 3207 st
1180 3151 1282 3207 sedium
1295 3153 1471 3217 mutationes,
1490 3153 1524 3207 nd
1540 3168 1672 3208 snmrnunr
1694 3151 1845 3221 apostolice
1865 3153 1936 3206 sedis

306 3248 434 3319 irruutstro
453 3246 735 3319 diiigenttosrertrare
749 3290 756 3314 ‚
770 3250 792 3303 st
805 3263 899 3303 rernm
912 3253 1036 3320 estquod
1048 3266 1092 3310 aa·
1145 3244 1289 3299 nnrtrttun
1303 3244 1406 3314 deiero
1425 3247 1593 3314 pertineant,
1611 3262 1658 3300 ner
1676 3260 1754 3315 super
1775 3244 1816 3325 trs
1838 3254 1936 3314 proter

306 3339 418 3405 seritur,
434 3338 535 3394 dicturo
562 3340 794 3409 arciricpiseopnm
811 3354 826 3395 a
842 3341 1048 3398 contirmatioue
1064 3353 1092 3399 et
1143 3336 1201 3405 ejus
1217 3352 1355 3392 utstatim
1370 3338 1574 3407 ntiquiddeieot
1584 3340 1722 3402 ellemari.
1739 3339 1870 3391 tttt'ttttttf
1882 3354 1936 3392 ¹¹⁰³

306 3430 514 3487 consecratione
528 3429 732 3500 cpiscoporum,
744 3443 921 3487 oterrroratuur
936 3448 1000 3488 uero
1014 3433 1059 3492 W.
1076 3452 1089 3491 a
1146 3428 1278 3482 vitellium
1289 3440 1311 3483 et
1322 3444 1454 3484 mittemur
1464 3428 1934 3500 ttvdltt.ltwdtcttwrit,lttt'01⁶tt¹·

306 3518 469 3591 pontificalis
480 3518 559 3576 offleii
571 3521 756 3587 exsecutione,
770 3521 857 3577 dienen
865 3538 947 3593 super
955 3523 1006 3580 hon
1016 3524 1092 3581 nitunt
1142 3520 1185 3589 pin
1199 3532 1313 3585 secutus,
1324 3522 1368 3591 qui
1380 3532 1452 3575 utotu
1463 3521 1576 3592 propriu
1587 3522 1729 3577 uoluntatis
1741 3522 1937 3578 Manristcseeu-

306 3620 480 3676 statttaruos,
512 3610 587 3664 omui
617 3610 831 3667 contradictione
858 3620 886 3667 et
908 3613 1091 3685 appellatione
1143 3614 1231 3666 sentin
1244 3610 1522 3667 Tltnrscusemdicitur
1533 3612 1701 3667 transtulisse
1716 3615 1851 3683 pnortdnnr
1862 3616 1935 3678 spo-

306 3711 441 3767 cessante,
453 3703 617 3757 ouctoritate
633 3710 724 3757 nostra
740 3704 901 3774 suspendas.
1142 3705 1265 3759 ruierrsem
1273 3704 1380 3759 electum
1392 3705 1418 3757 in
1427 3702 1615 3773 Tripolitanum
1622 3702 1934 3769 ecclesiumtrursrtutisti;

341 3794 466 3865 luntrirns
477 3805 608 3863 praeterea
620 3792 776 3863 diligentius
788 3796 928 3851 ueritatem
941 3798 964 3853 si
978 3814 1092 3857 verum.
1117 3821 1119 3829 ι
1143 3812 1190 3851 nee
1199 3796 1247 3849 tili
1259 3795 1642 3864 suffecitdietiprndecessoris
1654 3796 1694 3848 tui
1704 3796 1934 3865 presumptionem

306 3884 369 3939 titis
393 3884 479 3939 ltntet·
498 3894 591 3939 noster
616 3882 843 3954 Rotltotttngensis
870 3887 1091 3963 archiepiscopos
1141 3886 1935 3959 solummodoimitori,insoetinmlniniuriumnostrnrsipsius

305 3974 410 4029 dictum
421 3972 466 4027 W.
482 3980 512 4026 ut
528 3974 568 4026 sic
593 3973 722 4027 transiret
746 3974 870 4029 shsolvit.
895 3976 1025 4043 Quoruris
1039 3981 1090 4037 hoc
1143 3988 1320 4050 tronrpressos
1330 3994 1480 4045 recessuro,
1496 3994 1560 4033 rrono
1574 3980 1769 4049 quodammodo
1788 3980 1934 4047 pronuntio-

305 4066 392 4135 ipsuur
405 4077 458 4120 uon
473 4064 597 4119 uiolentur
607 4062 694 4134 aliqua
709 4078 788 4134 posse
808 4067 1031 4138 tergiversatione
1046 4086 1091 4128 ce·
1143 4070 1184 4124 nis
1194 4085 1286 4140 genere
1299 4069 1461 4139 purnifiensti
1480 4069 1652 4139 maioremct
1664 4086 1787 4139 moguuns
1801 4072 1933 4140 quoeun-

305 4156 367 4221 lari,
384 4170 445 4210 cunr
461 4154 545 4224 ipsius
571 4154 649 4209 nohis
671 4155 766 4210 litterae
785 4157 886 4212 lueriut
909 4170 1089 4229 presentato,
1141 4160 1933 4231 rrtodominnrnsti,episcoparerrehiepiscopnru,iuropotins

304 4261 354 4317 por
363 4260 432 4315 quas
444 4260 505 4300 euru
518 4242 632 4300 lihernru
646 4256 674 4301 et
686 4247 838 4304 ahsolutum
850 4250 884 4304 ad
897 4252 1020 4319 regimen
1035 4256 1091 4309 dn·
1143 4249 1404 4319 dearchiepiscopare
1415 4268 1576 4320 tarnatensem
1588 4291 1596 4314 .
1610 4266 1670 4305 clm
1684 4252 1771 4306 dictus
1785 4252 1933 4319 assidetis·

306 4336 466 4408 degarensis
485 4334 613 4390 Ecclesiae
630 4339 839 4393 transmittebat.
861 4341 894 4395 tit
907 4343 929 4396 si
943 4344 1090 4411 praernissis
1141 4342 1362 4397 sortuustlietnm
1373 4342 1933 4410 nectiteniscopomoeTtrnrserntsectesintu

305 4427 410 4482 ueritas
435 4424 617 4494 suffragatur,
636 4427 761 4481 eumdem
780 4430 1012 4503 archiepiscopum
1034 4439 1091 4505 pari
1108 4430 1289 4490 lilicclesinnr
1306 4430 1472 4485 tronstnlerit
1486 4431 1579 4484 similis
1603 4431 1749 4501 tinnientis.
1778 4430 1847 4483 diret
1861 4432 1933 4484 enim

304 4534 384 4591 potus
394 4533 454 4573 curn
470 4518 525 4573 olio
536 4518 683 4588 percellere
694 4534 746 4573 uon
759 4523 883 4587 omittas,
901 4539 935 4579 ue
951 4526 986 4580 sit.
997 4528 1093 4582 irnmn.
1143 4520 1931 4589 dictusl..norrdumluissctinorclriepiscopursccnseerntss,

305 4610 377 4665 uisa
396 4623 477 4680 poenu
492 4610 538 4680 qni
550 4624 604 4665 nou
617 4619 660 4666 est
671 4610 777 4667 alienus
796 4627 811 4667 a
827 4612 916 4683 culpa.
931 4615 1091 4675 sicutenim

304 4701 421 4757 aliorum
441 4702 502 4771 ium
531 4702 658 4757 uolturms
683 4703 786 4758 illihata
811 4718 942 4769 serrare,
971 4710 1011 4764 sic
1030 4710 1091 4779 jura

304 4801 397 4848 nostra
425 4795 550 4849 uolumus
573 4794 702 4859 uiolari,
737 4808 798 4847 curu
841 4795 963 4852 charitas
1001 4801 1093 4870 erigat

304 4884 429 4939 ordinato
447 4894 479 4939 ut
492 4891 553 4953 post
566 4885 651 4938 Deum
674 4886 762 4952 prium
783 4900 831 4939 uos
854 4887 928 4956 ipsos
945 4901 977 4943 ac
993 4890 1092 4949 deiude

304 4976 445 5046 proximos
467 4975 621 5045 diligamus.
649 4975 716 5031 illud
739 4988 830 5031 urttout
851 4979 876 5031 iu
904 4978 1091 5037 defensionem

303 5068 409 5119 erroris
421 5076 449 5120 et
461 5067 665 5121 excusationem
686 5080 815 5122 excessus
830 5082 907 5123 rteruo
919 5070 998 5125 tlehct
1013 5071 1091 5127 iodre-

304 5171 369 5212 cere
381 5155 453 5227 qood
479 5166 581 5211 sauctus
598 5157 739 5212 memoriae
752 5156 877 5229 Pelagius
899 5175 968 5230 popa
989 5165 1092 5219 cousti-

290 5248 367 5311 ·tuit,
382 5246 510 5316 ioqtrieos
526 5248 600 5303 iuter
610 5256 709 5302 caetera
725 5262 732 5301 τ
747 5248 779 5302 Si
790 5252 961 5305 costsecrnnrii
977 5255 1091 5323 episcopi

304 5338 460 5409 contigentia
476 5337 543 5408 (Π),
558 5340 749 5419 prouenerit'ut
759 5340 829 5393 ultro
844 5349 896 5395 tres
919 5358 1018 5397 nsenses
1038 5344 1089 5398 h'c·

303 5431 495 5486 clesiooidnotn
507 5430 640 5495 consistet,
649 5432 829 5486 communione
838 5434 1091 5505 puoctrrrquousune

305 5532 351 5574 nnt
365 5521 420 5575 loen
433 5522 506 5575 cedat
519 5529 565 5574 ιιιιι
573 5524 779 5577 cotrsecrondunr
793 5540 844 5579 non
855 5525 960 5594 differet
975 5528 1091 5595 reoffer-

340 5696 396 5764 (ti)
412 5697 478 5764 Cup.
496 5697 639 5763 erons'nm,
653 5697 715 5752 dist.
732 5698 789 5752 titt.

1144 4612 1349 4680 confirmationis
1364 4622 1449 4665 tuoten
1459 4628 1553 4665 munus
1568 4624 1708 4679 ιιιιριιιιι,
1719 4622 1743 4665 et
1756 4612 1932 4677 archiepisco-

1143 4702 1224 4768 pulio,
1237 4711 1364 4769 quantuor
1385 4701 1409 4754 ιι·
1422 4701 1531 4755 licuerat
1546 4739 1554 4764 ,
1569 4702 1745 4761 ministraret:
1767 4703 1835 4755 sieut
1849 4702 1932 4768 ipsius

1144 4796 1532 4866 relationenohisinnntrrr't,qni
1540 4812 1568 4849 se
1582 4794 1930 4863 Velenicusenscps'scnpuur,

1144 4901 1203 4939 cuns
1219 4886 1248 4938 in
1269 4896 1359 4940 nostro
1384 4895 1450 4939 esset
1475 4884 1616 4954 presentie
1635 4886 1802 4944 constitutus,
1818 4888 1931 4937 euersit

1143 4976 1323 5044 confirmasse.
1349 4973 1391 5031 Ne
1415 4976 1496 5045 initur·
1518 4976 1686 5046 perpetrandi
1714 4975 1812 5030 sinsrliu
1830 4978 1931 5029 steteris

1143 5066 1256 5121 ortdocio
1276 5066 1474 5135 procinctuum
1491 5076 1579 5121 tantus
1591 5082 1712 5121 excessus
1728 5066 1836 5120 relictus
1850 5066 1932 5134 {seru

1142 5156 1296 5226 impartitus,
1308 5168 1331 5211 te
1343 5158 1375 5211 ci
1390 5159 1568 5228 episcoporum
1583 5157 1784 5225 confirmatione
1806 5156 1930 5210 duxisses

1142 5247 1352 5316 suspendendum
1370 5264 1504 5319 pontesque
1518 5264 1597 5317 srrper
1615 5250 1663 5303 hoe
1676 5247 1750 5304 uliud
1767 5256 1929 5302 statuemus.

1143 5334 1173 5391 l..
1185 5339 1254 5393 dicto
1268 5338 1430 5408 Tripolitana
1441 5340 1568 5407 episcopo.
1582 5338 1647 5394 Coos
1658 5338 1743 5395 ecilin
1769 5351 1836 5403 etc,
1845 5350 1877 5392 nt
1890 5354 1931 5393 su·

1142 5443 1189 5498 piru
1204 5442 1289 5498 usque
1302 5446 1434 5485 coronentur
1446 5433 1515 5501 quod
1527 5448 1586 5485 cum
1598 5431 1626 5485 in
1641 5433 1795 5499 Aparnirnsi
1810 5430 1930 5489 Ecclesia

1142 5520 1168 5574 in
1185 5520 1406 5589 urclriepiseoprrns
1433 5520 1526 5589 luisses
1552 5522 1648 5577 electus
1660 5562 1668 5587 ,
1682 5532 1707 5577 et
1729 5522 1931 5591 confirmations

1179 5695 1231 5766 (ta)
1244 5696 1303 5753 ιιι.
1320 5715 1340 5765 ι,
1356 5699 1434 5770 epte.
1447 5700 1489 5755 so.
