4109 6325
176 368 231 427 ’101

176 576 299 633 decimas
321 580 474 651 percipiant
490 591 518 638 et
545 584 675 652 minutas,

176 664 311 722 tractibus
328 669 467 726 annuatim
495 674 630 743 perceptis
652 678 764 735 decimae
785 698 838 738 non
865 684 965 745 inerint

175 756 338 829 persolutae,
352 775 413 829 quae
438 769 529 817 tamen
555 768 636 834 modo
650 768 801 839 solvuntur,
816 779 963 844 quaesivisti

176 860 225 915 per
236 837 327 905 sedero
342 852 519 919 apostolicam
536 858 642 914 edoceri
662 870 752 916 utrum
771 863 882 921 decimae
907 865 963 923 iru-

175 947 266 994 rtuurn
284 942 474 1011 praedictorum
500 947 533 1002 ad
560 950 729 1020 parochiales
743 955 884 1024 ecclesias,
900 975 960 1029 qnae

175 1043 227 1084 nee
251 1030 369 1103 majores
386 1035 545 1105 percipiunt
569 1052 620 1094 nec
647 1040 778 1109 minutas,
795 1060 828 1099 an
845 1047 878 1101 ad
903 1062 961 1104 mo·

175 1122 293 1177 nasteria
306 1133 333 1177 et
348 1123 409 1180 illas
429 1126 561 1183 ecclesias
586 1133 787 1200 conventuales,
806 1152 866 1206 quae
888 1140 962 1195 deci·

174 1198 233 1265 ma's
246 1212 315 1267 alias
329 1216 484 1286 percipiunt
498 1218 532 1275 ab
549 1221 673 1291 antiquo,
687 1224 803 1282 debeant
816 1229 960 1299 pertinere.

173 1301 214 1355 hd
224 1302 295 1371 qnod
307 1305 347 1358 sic
357 1306 485 1364 duximus
495 1312 721 1383 respondendum,
735 1319 806 1387 qnod
822 1320 844 1374 si
858 1319 961 1379 lrnctns

173 1392 293 1459 praedicti
308 1395 340 1449 de
367 1396 420 1453 illis
442 1401 523 1455 terris
544 1405 707 1471 proveniunt
729 1409 879 1479 dequibus
902 1428 961 1467 nro-

173 1482 289 1536 nasteria
305 1498 351 1538 seu
373 1490 566 1547 corruentuales
593 1495 717 1551 ecclesiae
743 1498 848 1569 aliquos
875 1504 960 1571 paerci-

175 1570 287 1638 piebant
313 1575 420 1629 ratione
435 1578 604 1635 decimarum
627 1598 786 1655 proventus,
803 1592 843 1645 cis
867 1593 959 1665 procul

172 1660 253 1716 darbia
267 1662 403 1720 debentur
416 1669 528 1724 ‹lecitnae
547 1673 681 1729 lructrnrm
706 1682 874 1749 eorunnlenr,
896 1700 957 1765 curn

172 1750 237 1823 ipsis
260 1756 419 1828 abantiquo
437 1771 509 1816 terra
524 1765 568 1819 illa
586 1766 666 1822 irrorit
683 1770 835 1840 decimalis,
851 1785 879 1831 et
903 1794 956 1834 non

171 1843 270 1898 debeat
285 1862 337 1901 una
352 1850 500 1921 eademqne
525 1856 676 1912 substantia
698 1862 805 1919 diuerso
819 1864 881 1933 jure
894 1884 957 1924 ecn-

170 1938 224 1991 seri
240 1939 324 2011 (lbi).
342 1941 467 2015 Alioquin
493 1952 697 2017 parochialibus
717 1958 840 2015 ecclesiis
864 1962 955 2018 exsol-

170 2039 277 2093 tantor,
291 2032 325 2084 ad
340 2046 408 2101 quas
422 2034 529 2105 dejure
543 2045 680 2099 cortrrrnrni
697 2058 803 2116 spectat
815 2054 955 2123 perceptio

168 2115 345 2179 deeimarum.
363 2122 435 2178 Sanc
447 2128 510 2195 (prtia
526 2132 661 2205 contingit
673 2136 807 2192 interdum
822 2142 894 2209 qnod
906 2143 954 2197 ali·

167 2212 265 2281 quibus
278 2213 429 2271 solentibus
444 2222 649 2279 matrimonium
663 2231 834 2296 contrahere,
847 2232 953 2301 barinis,

168 2311 197 2359 ut
217 2304 271 2359 tuis
284 2310 376 2366 serbis
392 2319 512 2375 utamur,
529 2313 556 2367 iu
570 2316 694 2373 ccelesiis
712 2321 791 2376 editis
806 2326 952 2380 secundnm

165 2398 386 2454 consuetudinem
406 2400 532 2457 Ecclesiae
547 2402 704 2476 Gallicanae,
714 2424 746 2463 ac
761 2411 834 2464 nollo
845 2423 953 2468 contra·

165 2487 269 2543 dictare
291 2492 400 2560 publice
425 2506 619 2565 comparente,
636 2500 699 2555 licet
725 2501 795 2556 lama
825 2505 950 2573 priuatim

165 2574 384 2646 impedimentum
407 2582 511 2639 delerat
535 2588 697 2656 parentela,
726 2607 787 2647 cnm
818 2608 951 2664 exparte

166 2672 386 2729 contrahentium
397 2674 550 2743 iuramenta
567 2679 700 2749 majorum
717 2686 749 2740 rte
770 2702 817 2741 stra
838 2690 950 2759 propin-

163 2760 275 2831 quitate,
290 2772 321 2817 nt
334 2764 495 2836 suspicionis
511 2768 621 2826 tollatur
650 2776 773 2841 materia,
790 2777 947 2849 olierantnr,

161 2850 226 2919 quid
243 2850 290 2907 tibi
306 2853 340 2907 sit
354 2854 507 2913 laeiernhnn
523 2860 549 2915 in
565 2861 674 2919 casibus
687 2865 836 2933 hujosmodi
849 2874 949 2941 quarsi-

161 2939 222 2996 risti
247 2936 334 3015 (155).
349 2946 389 3001 Ad
409 2947 465 3003 haec
489 2950 580 3005 taliter
605 2958 810 3024 respondemus,
825 2962 896 3029 quod
924 2965 946 3018 sl

160 3048 275 3103 persona
289 3040 392 3106 proris,
408 3043 450 3095 eui
469 3043 534 3100 tides
550 3048 586 3101 sit
601 3047 765 3116 adhibenda,
784 3048 946 3109 fraternitati

161 3133 213 3180 tue
233 3125 371 3185 denuntiet
381 3133 451 3200 qnod
475 3134 491 3189 ii
515 3138 560 3206 qui
585 3148 649 3195 sunt
671 3141 844 3198 matrimonio
861 3158 946 3214 cupu-

159 3215 232 3270 landi
249 3233 279 3274 se
302 3223 502 3298 propinquitate
522 3231 690 3302 corningnot,
706 3241 735 3288 et
756 3235 790 3290 de
807 3234 876 3290 iarrra
904 3239 947 3292 rel

158 3309 287 3365 scandalo
300 3312 405 3378 doceat,
419 3319 561 3375 autetiam
579 3337 627 3392 per
643 3332 669 3378 te
681 3325 768 3396 ipsum
782 3331 871 3398 possis
885 3347 946 3384 cer-

158 3397 255 3454 tihcari
280 3402 314 3457 de
327 3403 419 3472 plano,
441 3422 494 3462 non
522 3413 610 3467 solum
631 3415 712 3472 debes
732 3417 885 3488 juramenta
900 3438 947 3492 pa-

158 3499 263 3546 rentum
282 3505 377 3563 sponte
389 3499 480 3555 oblata
491 3503 620 3574 recipere,
636 3509 825 3566 verumetiam
841 3528 888 3568 eos
899 3517 946 3584 qni

156 3583 319 3640 contrahere
333 3585 373 3642 sic
391 3587 527 3657 tritantur,
538 3593 563 3650 si
577 3597 689 3654 monitis
703 3598 793 3656 induci
817 3605 945 3674 nequire·

157 3669 221 3737 rint,
236 3674 398 3744 compellere
411 3688 441 3732 ut
451 3681 493 3736 rel
507 3697 521 3736 a
537 3683 582 3738 tali
595 3697 737 3745 contractu
750 3690 890 3760 desistant,
901 3695 944 3752 rel

154 3770 251 3816 contra
262 3762 361 3821 lamam
376 3767 527 3838 hrrjnsmodi
541 3779 690 3833 secundnm
707 3793 759 3836 tue
772 3784 945 3842 discretionis

154 3853 297 3910 arbitrium
309 3858 463 3927 juramenta
485 3867 630 3926 exhibeant
641 3873 862 3945 propinquorum.
875 3880 945 3936 hlio-

154 3941 232 4010 quin,
246 3946 268 3997 si
285 3961 402 4017 persona
418 3952 582 4013 dernrntiaos
595 3974 648 4015 non
670 3963 807 4020 exstiterit
829 3967 890 4023 talis
915 3977 945 4025 ut

153 4027 292 4099 duximus,
305 4045 333 4090 et
348 4038 381 4095 de
394 4040 465 4098 lama
479 4045 520 4100 rel
541 4050 670 4105 scandalo
685 4067 738 4108 non
765 4057 863 4124 poterit
879 4060 944 4115 edo·

152 4123 220 4191 ceri,
235 4127 269 4180 ad
283 4128 465 4189 desistendum
482 4153 592 4194 monere
608 4143 721 4211 poteris,
743 4161 797 4201 noo
822 4153 953 4222 cornpel-,

152 4211 209 4268 lere
233 4219 425 4279 contrahentes
445 4225 539 4294 (tati.
553 4228 581 4284 st
603 4246 667 4287 rero
691 4246 751 4303 post
773 4246 942 4297 contractum

152 4305 356 4366 matrimonium
373 4313 470 4384 aliquis
483 4332 610 4388 appareat
625 4337 784 4393 occursator,
799 4345 860 4383 cum
888 4349 941 4388 noo

152 4405 284 4471 prodierit
322 4409 348 4463 in
386 4414 520 4483 publicum
551 4423 659 4489 quando

697 598 725 645 et
749 592 782 648 de
803 594 962 663 qrnlnrsdarn

694 4425 773 4479 hanni
793 4429 940 4486 secrrndunt

151 4494 292 4561 praelatam
328 4506 549 4563 consuetudinem
581 4511 607 4564 in
633 4513 756 4570 eeclesiis
776 4516 940 4586 edebantur,
956 4537 1083 4598 pnigea„

152 4595 241 4640 utrum
263 4601 314 4645 rox
335 4591 431 4650 debeat
449 4612 505 4654 suec
518 4604 698 4662 accusationis
715 4607 821 4664 admitti
845 4613 943 4666 rnerito

151 4679 235 4747 quaeri
248 4690 345 4751 potest.
359 4685 509 4759 Superque
525 4694 565 4749 sic
577 4695 702 4753 «luximus
713 4698 941 4772 distinguendum,

151 4777 223 4842 quod
250 4777 272 4832 si
299 4787 418 4851 tempore
444 4784 655 4844 denuntiationis
675 4792 820 4860 praetniasae
844 4795 868 4850 is
896 4798 940 4866 qni

148 4865 204 4935 jaro
224 4869 382 4937 coniunctos
402 4875 507 4946 impetit
530 4890 606 4934 extra
625 4882 762 4939 dioecesim
791 4885 940 4954 existebat,

150 4953 191 5010 rel
218 4956 286 5016 alias
313 4962 481 5022 denuntiatio
509 4984 561 5024 non
584 4973 670 5041 potuit
688 4976 720 5030 ad
741 4973 800 5044 ejus
816 4979 940 5038 notitiam

147 5051 310 5118 perrenire,
336 5061 452 5127 utputa
479 5061 501 5115 si
530 5062 620 5118 nirniae
647 5064 811 5124 inormitatis
835 5071 940 5128 terrore

148 5139 292 5208 laborans,
309 5161 382 5203 sartae
402 5153 501 5208 meotis
516 5155 668 5223 patiebatur
688 5159 832 5228 exsiliunt,
850 5163 891 5218 rel
912 5165 939 5218 in

146 5233 230 5305 annis]
248 5245 308 5294 erat
337 5249 390 5294 mm
420 5245 520 5300 teneris
542 5248 706 5306 constitutus
729 5254 800 5323 qnod
815 5256 848 5308 ad
865 5271 939 5310 com·

148 5325 354 5392 prehenslonem
390 5331 482 5388 talium
522 5339 581 5407 ejus
617 5351 683 5396 aetas
725 5329 849 5400 sullicere
883 5362 936 5400 rron

149 5417 323 5484 ralebat,seo
346 5425 398 5479 alia
414 5441 495 5482 causa
518 5428 635 5502 legitima
660 5433 748 5489 luerat
774 5437 931 5506 impeditos,

143 5507 205 5575 cius
215 5517 354 5570 accusatio
370 5517 449 5574 debet
462 5520 558 5576 audiri.
574 5523 711 5594 Alioquin,
730 5541 791 5580 eunt
812 5529 934 5584 rationa-

182 5647 256 5720 (toa)
268 5651 296 5709 ln
316 5665 407 5780 quart.
423 5659 490 5716 cott.
508 5659 643 5726 Ecclesia,
659 5663 741 5719 etiam
761 5664 788 5721 in
800 5670 861 5724 cod.
873 5669 939 5726 Col-

143 5717 217 5772 bert.
229 5721 297 5792 Cap.
340 5743 383 5780 unt
396 5730 422 5782 in
437 5739 493 5794 trra,
514 5731 550 5786 lle
561 5734 680 5802 sponsal.

182 5790 258 5864 (135)
273 5793 336 5850 Vide
350 5796 526 5868 iieqinoacro,
547 5803 592 5857 lib.
612 5819 640 5867 n,
657 5803 754 5860 edil.

650 378 901 445 consistentes
920 388 1013 449 totto
1034 394 1092 462 ili,
1113 398 1250 459 ClllllsTl
1271 405 1348 463 tals.

177 486 373 543 conventuales
393 488 518 547 ecclesiae
530 490 556 547 in
570 492 662 551 moltis
687 499 824 567 parochiis
851 504 1004 572 majoresn
1021 510 1111 569 biliter
1144 531 1322 587 praesumatur

1757 429 1809 485 tob

1345 525 1416 597 qnod
1446 528 1674 592 denuntiationem
1700 540 1808 609 publiea

1016 601 1118 661 iactam
1139 608 1209 665 idem
1229 613 1349 670 existens
1363 617 1390 671 in
1405 618 1461 688 ipsa
1477 622 1587 679 diaecesi
1602 627 1713 685 orinime
1726 632 1805 697 igrio-

1017 698 1096 760 rarit,
1113 706 1240 770 tanquam
1260 715 1401 774 suspectus
1415 718 1456 764 est
1469 716 1561 781 procul
1576 717 1657 774 dubio
1673 723 1806 792 repetien-

1014 786 1077 855 dus,
1095 791 1147 846 nisi
1163 795 1272 865 proprio
1293 796 1442 855 llrmarerit
1458 802 1612 874 juramento
1624 815 1695 881 quod
1710 826 1803 883 posteo

1013 877 1138 936 didicerit
1161 899 1193 940 ea
1217 902 1279 957 que
1293 888 1396 957 objicit,
1412 902 1440 949 et
1461 896 1495 951 ad
1518 898 1569 954 hoc
1585 918 1618 957 ex
1632 906 1733 962 malitia
1748 924 1802 964 uon

1013 972 1159 1041 procedat,
1176 980 1239 1047 qnia
1264 989 1338 1049 tune,
1355 984 1461 1041 etiamsi
1486 988 1626 1047 didicisset
1645 997 1680 1051 ab
1694 997 1803 1071 illisqui

1013 1063 1227 1125 denuntiationis
1252 1080 1374 1144 tempore
1388 1076 1532 1147 siluerunt,
1547 1082 1636 1139 claudi
1651 1101 1704 1142 non
1720 1090 1803 1147 debe-

1013 1161 1054 1206 ret
1067 1156 1155 1211 eidem
1173 1160 1264 1216 aditus
1278 1166 1442 1232 accusandi;
1457 1172 1585 1239 quoniam
1598 1177 1650 1229 etsi
1670 1179 1704 1232 ab
1717 1179 1803 1251 inape·

1013 1240 1110 1297 titione
1122 1245 1272 1316 lrrrjosnrodi
1285 1252 1362 1322 culpa
1373 1255 1407 1311 de
1416 1256 1522 1313 silentio
1535 1260 1579 1315 tali
1591 1274 1730 1321 contracta
1742 1269 1800 1327 illos

1011 1335 1177 1402 excluderet,
1194 1338 1245 1395 iste
1262 1350 1351 1397 tarnen
1367 1350 1486 1403 amoueri
1498 1352 1622 1420 nequiret
1634 1370 1696 1409 cum
1709 1358 1801 1428 cuipa-

1011 1425 1074 1481 bilis
1089 1442 1142 1481 troo
1158 1430 1258 1485 existat
1273 1432 1357 1503 (test.
1375 1434 1470 1492 Unum
1487 1449 1577 1497 antem
1595 1444 1629 1511 si,
1642 1460 1800 1507 accusatore

1011 1518 1107 1573 idoneo
1119 1534 1303 1590 comparente,
1318 1542 1366 1594 per
1377 1538 1432 1582 tres
1447 1530 1489 1584 vel
1505 1542 1621 1601 quatuor
1634 1546 1716 1593 testes
1729 1539 1800 1597 inter

1007 1603 1064 1675 jam
1079 1610 1238 1679 cottiaroctos
1251 1616 1387 1683 parentela
1401 1619 1541 1687 probetur,
1558 1638 1607 1693 per
1617 1626 1800 1697 depositiones

1009 1700 1167 1755 eorrundcrn
1183 1706 1363 1772 posteriorum
1378 1711 1488 1764 testinnr
1506 1713 1649 1784 derogetur
1662 1718 1732 1785 fidei,
1751 1738 1800 1777 sex

1010 1789 1053 1843 vel
1081 1791 1224 1849 dnodcrirn
1250 1800 1474 1869 propinquorum,
1488 1806 1533 1874 qui
1552 1808 1717 1878 antiquiores
1733 1824 1800 1869 tent·

973 1858 995 1919 Β
1009 1896 1074 1951 pore
1088 1900 1120 1939 ac
1138 1890 1342 1954 prestantiores
1357 1895 1461 1950 moritis
1474 1908 1537 1951 ante
1552 1911 1721 1959 contractum
1742 1921 1800 1960 trra-

1008 1971 1165 2030 trianoniurn
1181 1978 1207 2031 in
1221 1984 1389 2038 contrarium
1415 1984 1591 2053 intraverunt,
1607 1993 1798 2063 distinguendo

1006 2077 1137 2134 personas
1157 2075 1185 2122 et
1207 2070 1307 2141 grados
1323 2088 1337 2125 a
1352 2074 1452 2143 quibos
1465 2077 1568 2134 directe
1594 2082 1612 2136 ii
1636 2083 1670 2138 de
1683 2100 1797 2153 quonam

1005 2156 1096 2225 agittrr
1110 2159 1205 2229 copula
1222 2163 1430 2232 descernlernnt,
1447 2183 1481 2222 an
1507 2171 1584 2239 priori
1601 2176 1798 2243 posterioribus

1004 2246 1194 2317 praetereatur,
1207 2266 1260 2305 non
1275 2253 1411 2309 immerito
1424 2260 1509 2327 qnaeri
1524 2275 1623 2329 posset,
1636 2280 1796 2337 quanquam

1004 2336 1038 2390 ad
1063 2337 1136 2393 alind
1154 2348 1181 2393 rt
1197 2341 1319 2397 abaliud
1338 2344 1492 2414 juraverint
1518 2351 1556 2405 illi
1583 2369 1665 2423 quarn
1681 2355 1737 2411 isti.
1765 2358 1795 2416 Sl

1006 2434 1096 2481 tamen
1119 2428 1146 2483 in
1172 2434 1292 2487 secondo
1314 2431 1419 2501 judicio
1435 2438 1538 2505 priores
1554 2457 1674 2510 personae
1696 2444 1792 2515 jurano

1003 2518 1174 2588 deponerent
1190 2523 1234 2576 ilia
1253 2526 1347 2579 eadent
1363 2542 1423 2594 quae
1436 2529 1524 2599 priano
1541 2533 1678 2605 dixerunt,
1690 2540 1792 2607 absque

1004 2610 1086 2667 dubio
1097 2629 1190 2669 eorunr
1206 2618 1360 2673 testimonia
1373 2623 1563 2690 praevalerent,
1579 2643 1629 2682 nec
1639 2644 1672 2683 co
1683 2641 1791 2701 possent

1000 2713 1124 2775 pretextu
1152 2711 1243 2779 repelli
1262 2714 1332 2780 qraod
1353 2726 1445 2782 partes
1458 2719 1610 2787 ⁷testiticata
1636 2723 1791 2789 didicerint,

999 2811 1061 2850 com
1085 2800 1148 2855 talis
1175 2804 1300 2873 excerptio
1315 2804 1402 2861 locnm
1419 2824 1471 2864 noo
1492 2810 1627 2866 habeatin
1641 2812 1690 2868 hoc
1715 2831 1790 2869 caso.

1035 2888 1131 2943 liaturn
1158 2890 1295 2959 Laterani,
1316 2911 1343 2949 rr
1355 2896 1470 2952 llalentl.
1492 2898 1665 2967 Norernbris,
1685 2906 1793 2974 pontili-

999 2989 1077 3033 catns
1096 2983 1181 3036 nostri
1194 2999 1267 3039 atino
1283 2988 1388 3041 decimo
1402 2991 1507 3057 quinto.

1313 3080 1467 3141 CLXXXV.

1034 3183 1209 3226 rnrnrancae
1224 3185 1457 3234 reooaotrunnno
1482 3195 1655 3237 rrosrotrce
1682 3199 1756 3240 sarrs

1334 3281 1448 3324 uestro.

1053 3351 1130 3418 erod
1145 3353 1310 3426 irtdulqentin
1322 3357 1356 3412 sit
1369 3359 1461 3414 stricto
1473 3361 1553 3416 modo
1572 3365 1735 3433 arripiendo.

1152 3445 1298 3516 (Laterani,
1313 3464 1360 3504 rrn
1377 3450 1436 3508 llal.
1451 3451 1634 3522 Natrcnrbris.)

1032 3536 1100 3592 Carra
1114 3536 1201 3594 leliris
1215 3541 1412 3599 recordationis
1427 3546 1581 3603 Alexander
1601 3565 1669 3619 papa
1685 3551 1787 3621 praalo-

996 3643 1092 3684 ccssor
1109 3641 1202 3684 noster
1217 3631 1322 3688 Sirnnrti
1339 3638 1474 3704 quondam
1489 3640 1573 3707 priori
1593 3642 1686 3696 Sancti
1699 3641 1785 3698 Geor-

996 3719 1075 3791 gilde
1088 3718 1165 3776 xisto
1177 3723 1364 3790 quotidianum
1381 3741 1458 3782 usura!
1473 3729 1578 3794 arrrrrnli,
1591 3733 1672 3802 rirgae
1682 3749 1789 3803 quoqne

995 3813 1148 3881 pastoralis,
1166 3823 1193 3869 et
1208 3815 1294 3871 mitrae
1310 3815 1379 3871 inlra
1405 3819 1550 3875 missarum
1575 3824 1706 3879 solemnia
1721 3841 1788 3880 eoo-

995 3904 1117 3966 cesserit,
1132 3904 1203 3958 sicot
1234 3907 1399 3977 accepimns,
1417 3909 1451 3965 de
1479 3911 1643 3982 indulgentia
1664 3916 1787 3984 speciali,

994 4007 1026 4047 ac
1040 3996 1210 4063 postrnorhnn
1234 3995 1303 4051 idern
1323 3998 1400 4054 locus
1419 4000 1549 4057 Ecclesiae
1562 4002 1656 4061 Sancti
1676 4006 1788 4064 Thomas

994 4085 1122 4157 ntartyris
1133 4085 1299 4144 hccorxcnsis
1310 4091 1423 4161 coeperit
1437 4109 1497 4148 esse
1510 4094 1646 4164 srrlrjectns
1661 4108 1688 4154 et
1701 4115 1787 4168 qnatr·

994 4177 1082 4248 doque
1098 4194 1161 4234 cnm
1176 4179 1221 4235 illa
1238 4196 1321 4235 tarium
1335 4182 1422 4238 solum
1438 4184 1537 4243 hartrere
1552 4187 1681 4258 priorem,
1696 4192 1720 4246 is
1739 4192 1785 4264 qni

993 4281 1066 4322 nurrc
1082 4269 1163 4325 irabct
1175 4271 1202 4326 1ιι
1229 4272 1330 4327 eisdem
1351 4274 1474 4330 ecclesiis
1499 4277 1668 4347 prioratum,
1694 4297 1785 4338 cuma

994 4358 1073 4413 nobis
1099 4360 1252 4416 olatinuerit
1276 4363 1362 4434 ipsam
1389 4364 1582 4436 indulgentiam
1609 4371 1785 4438 conllrmari,

992 4449 1072 4502 etiam
1096 4449 1123 4503 in
1150 4452 1268 4508 ecclesia
1295 4456 1450 4524 supradicta
1477 4456 1586 4514 Sancte
1606 4458 1716 4515 Thoona
1745 4463 1784 4518 uti

1086 4551 1129 4599 tur
1142 4547 1247 4614 eadem,
1256 4563 1290 4604 eo
1303 4553 1375 4619 quod
1386 4550 1470 4621 priori
1485 4550 1577 4606 Sancti
1589 4550 1698 4608 'rhomae
1712 4569 1784 4610 mar·

994 4635 1061 4704 tyris
1075 4637 1243 4712 acconensis
1262 4649 1287 4693 et
1306 4641 1398 4695 Sancti
1416 4640 1526 4712 Georgii
1542 4643 1575 4698 de
1589 4641 1666 4697 llisto
1681 4644 1780 4697 condr-

993 4725 1121 4782 matiouis
1141 4739 1240 4785 nostrae
1250 4732 1347 4801 pagina
1363 4731 1535 4788 naittebatur.
1551 4733 1599 4789 Cui
1612 4749 1643 4790 se
1654 4734 1782 4806 opposuit

992 4817 1095 4872 obicem
1120 4821 1284 4875 reiterabilis
1309 4820 1394 4876 irater
1418 4833 1510 4880 noster
1527 4826 1668 4895 episcopus
1693 4826 1781 4883 heco-

992 4906 1083 4962 ucnsis
1096 4921 1249 4977 proponens
1275 4912 1347 4978 quod
1374 4914 1408 4966 ad
1424 4912 1474 4966 hoc
1487 4928 1535 4981 per
1548 4915 1779 4974 continuationem

991 5007 1113 5052 nostram
1128 5001 1236 5055 extendi
1260 5015 1325 5057 osus
1351 5014 1507 5058 meinorato
1530 5005 1703 5075 indulgentiae
1724 5024 1778 5063 oon

990 5088 1106 5144 valebat.
1128 5090 1205 5146 llrrrle
1229 5091 1438 5162 adpetitionem
1459 5093 1577 5163 partium
1601 5099 1778 5166 qaaestionem

991 5176 1076 5246 ipsam
1090 5177 1122 5232 ad
1137 5194 1253 5236 examen
1269 5181 1343 5235 sedis
1356 5183 1511 5251 apostolice
1532 5187 1704 5242 transtulisti.
1723 5187 1778 5242 Nos

990 5267 1071 5336 igitur
1083 5271 1252 5327 attendentes
1264 5273 1335 5342 quod
1352 5271 1480 5340 'tractatus
1490 5274 1672 5341 predecessor
1686 5288 1779 5333 noster

966 5385 970 5390 ·
989 5359 1071 5426 priori
1086 5358 1177 5413 Sarra-ti
1192 5361 1299 5434 Georgii
1314 5363 1346 5416 de
1359 5363 1447 5430 ilisto,
1457 5365 1605 5433 prioratum
1617 5365 1702 5434 ipsum
1718 5376 1777 5422 tao·

989 5451 1126 5504 tommodo
1149 5453 1341 5523 exprimendo,
1355 5453 1498 5509 indulserit
1510 5456 1675 5526 supradicta,
1693 5457 1778 5528 ipsius

988 5539 1111 5611 uestigiis
1132 5541 1304 5610 irrlraerentes,
1320 5543 1553 5614 habendoraturn
1579 5548 1650 5617 qaod
1675 5547 1776 5605 lacttnn

1002 5674 1097 5796 '‘qm)
1116 5675 1182 5747 Cap.
1198 5676 1263 5732 Cant
1277 5679 1304 5732 in
1319 5689 1377 5745 too,
1392 5679 1443 5747 Qui
1460 5681 1580 5738 oratrirn.
1602 5699 1693 5741 aecus.
1709 5700 1772 5755 poe·

986 5759 1028 5799 srn
1045 5783 1051 5796 .

1021 5813 1094 5886 (155)
1110 5815 1175 5886 Cap.
1188 5817 1254 5873 Cum
1270 5820 1296 5872 in
1312 5828 1370 5883 tna,
1386 5820 1424 5874 tn
1435 5821 1526 5878 testib.
