4109 6325
268 312 319 369 lh‘l

710 299 904 359 trudettttTtt
924 299 957 355 ltt
976 298 1029 354 PP.
1050 294 1292 353 hecestottdtt
1312 292 1377 351 ΗΒ.
1398 294 1455 349 xtt.

1846 294 1896 349 lib

266 436 309 485 rct
318 432 483 497 praetaxatos
499 438 507 477 ε
521 420 567 492 qrri
582 416 708 472 mamiato
729 416 851 487 jutlicum
874 429 973 485 parcre
989 430 1054 470 eon·
1068 419 1092 475 A
1104 412 1128 468 ei
1144 410 1224 466 ludent
1253 411 1362 482 penitus
1382 407 1576 464 adhibendam.
1603 406 1705 468 Primo.
1723 407 1787 479 quvis
1814 408 1843 463 in
1859 409 1898 465 st.

267 528 401 580 temnens.
412 511 663 571 excommunicatus
691 508 796 565 exstitit
820 508 855 563 ab
872 507 986 565 eisdonr.
999 506 1054 563 Sed

267 610 502 681 archipresbytero
521 618 551 659 sc
572 602 745 671 postrtrodum
777 616 826 671 pcr
856 600 1054 657 contumaciam

267 704 436 765 absentante,
453 712 514 754 cum
535 694 641 764 judices
658 694 837 751 desentenlia
860 694 971 749 lcreuda
995 701 1053 747 tra-

266 802 382 861 ctarent,
395 792 469 864 prior
480 788 574 845 Sancti
585 790 712 855 lictoris,
725 788 946 859 archipresbyter
959 786 1054 843 Sancti

266 884 402 949 Severini,
418 891 447 937 et
463 881 595 949 roagister
611 877 782 934 P.¹Pulrerel
802 876 950 933 eanonicus
976 877 1054 931 Pari«

265 978 363 1041 siensis
384 975 516 1047 quasdam
544 974 584 1029 els
612 971 718 1027 litteras
748 969 978 1035 transmiserunt,
1005 984 1054 1039 per

203 1100 209 1107 -
264 1084 333 1140 qrras
347 1066 524 1138 injungebant
541 1065 643 1120 eisdem
657 1078 693 1117 ue
714 1062 742 1117 in
769 1060 955 1131 praejudicinm
969 1058 1055 1129 jtttis-

265 1161 393 1217 dictionts
408 1159 542 1229 ipsorum,
556 1156 655 1225 quibus
675 1152 866 1223 appellationis
876 1165 957 1207 eausa
971 1166 1054 1221 super

264 1251 401 1322 praedictis
415 1258 523 1307 centum
539 1246 633 1302 solidis
646 1244 870 1299 cnrrrmittebatur
884 1258 898 1296 a
918 1241 1008 1307 nobis,
1024 1241 1051 1296 in

265 1359 348 1400 cansa
364 1341 545 1414 procederent
563 1338 604 1393 vel
628 1337 730 1408 aliquid
749 1343 901 1391 statuerent
916 1333 1054 1405 ingrava-

264 1452 325 1493 tnen
353 1430 580 1507 archipresbyteri
602 1430 755 1487 mensurati.
772 1428 824 1484 Sed
843 1428 949 1497 y’rulices
963 1436 1053 1483 atten-

199 1552 203 1559 ’
263 1534 359 1590 dentes
375 1528 561 1601 appellationis
584 1540 697 1581 causam
723 1539 737 1577 a
755 1523 883 1594 praedicta
904 1520 1053 1576 interlocu-

264 1627 332 1680 toria
350 1624 525 1693 interpositae,
541 1634 600 1691 qrrae
611 1617 797 1672 tantummodo
811 1615 957 1670 eonttnissa
972 1614 1051 1669 vide·

1105 502 1169 573 gillo
1184 501 1271 557 eidem
1286 500 1410 571 apposito
1425 514 1494 555 nova
1512 511 1574 552 cera
1591 498 1735 554 constristo
1750 498 1908 555 ridebatur

1105 595 1234 665 antiquas.
1250 592 1384 655 Secundo,
1401 592 1463 662 prtia
1480 592 1531 661 legi
1554 589 1674 659 ejusdem
1696 590 1780 661 sigilli
1796 591 1896 648 littere

1105 702 1159 741 non
1176 686 1313 751 valebant,
1324 701 1481 757 qrranquam
1497 695 1591 739 contra
1606 686 1678 755 iuris
1691 690 1894 754 auctoritatem,

1104 779 1253 833 sectandum
1267 779 1339 848 quod
1355 777 1420 831 nihil
1435 778 1527 833 debuit
1538 781 1674 849 pendente
1693 778 1799 849 judicio
1815 780 1894 836 inno·

1104 868 1177 935 vari,
1190 869 1292 923 dictum
1307 866 1424 939 sigillum
1451 868 1522 922 inter
1545 883 1636 923 moras
1657 868 1753 938 judicii
1773 868 1894 924 locatum

1104 959 1188 1014 luerit
1201 968 1230 1014 et
1247 958 1371 1029 politum.
1386 956 1501 1024 Tertio,
1527 957 1592 1028 quia
1607 958 1769 1015 Parisicnsis
1783 960 1894 1030 capituli

1105 1049 1222 1119 sigilium
1247 1064 1302 1103 non
1328 1056 1387 1104 crat
1411 1049 1499 1103 cidem
1519 1050 1704 1105 instrumento
1728 1050 1895 1121 appositam,

1104 1142 1181 1212 crry'ns
1190 1155 1342 1197 consensus
1355 1140 1458 1209 dejure
1466 1140 1555 1195 iuerat
1571 1141 1597 1196 in
1610 1143 1787 1198 concessione
1800 1142 1895 1213 hujus-

1105 1235 1176 1289 modi
1199 1234 1387 1305 retprircndus.
1414 1234 1527 1300 Quarto,
1566 1237 1628 1306 quia
1650 1250 1796 1305 paucorum
1811 1251 1895 1290 cano·

1104 1330 1228 1385 uicorum
1266 1328 1485 1399 subscriptiones
1510 1330 1646 1384 adnotasse
1669 1329 1833 1385 videbantur
1866 1329 1893 1384 in

1108 1426 1177 1496 ipso.
1207 1424 1318 1494 erinto,
1346 1425 1410 1495 qnia
1440 1426 1630 1481 concessiones
1658 1427 1893 1496 praedecessorum

1104 1517 1235 1588 Stephani
1248 1516 1411 1572 Parisieusis
1438 1517 1570 1587 episcopi,
1584 1517 1619 1572 de
1642 1518 1741 1589 qtrihns
1753 1518 1780 1573 in
1797 1518 1894 1573 codem

1105 1608 1285 1662 instrumento
1324 1606 1353 1660 stt
1383 1607 1501 1670 tuentio,
1531 1606 1686 1663 nullatenus
1713 1609 1893 1679 apparebant.

1104 1701 1340 1773 Praescriptioncm
1368 1702 1478 1772 insuper
1502 1702 1536 1756 ad
1564 1703 1766 1776 reprobandum
1787 1704 1894 1760 instra·

262 1718 343 1771 hatur
360 1716 472 1780 eisdem,
485 1712 622 1783 negotium
634 1724 687 1766 nou
713 1709 872 1778 contingere
888 1705 1051 1777 principale,

263 1810 453 1863 rnaximccum
468 1820 500 1861 co
512 1814 632 1874 tempore
647 1817 701 1871 qrro
719 1801 939 1870 archipresbyter
950 1812 1052 1869 procu·
1103 1801 1223 1849 mentum
1237 1793 1395 1862 pradictum
1414 1793 1635 1866 archipresbyter
1662 1804 1830 1851 memoratus
1845 1796 1894 1853 oh·

262 1909 380 1954 ratorem
393 1898 504 1953 miserat
515 1897 548 1951 ad
573 1894 738 1951 senteutiam
763 1892 926 1948 audiendam
956 1898 1051 1960 partes
1077 1878 1081 1883 ’
1098 1886 1176 1955 iecit.
1191 1884 1256 1955 Sed,
1267 1885 1330 1941 licet
1350 1893 1431 1956 super
1445 1888 1480 1943 iis
1500 1888 1627 1944 omnihus
1643 1874 1738 1944 luisset
1751 1888 1814 1943 hinc
1829 1887 1893 1942 iude

261 2009 314 2049 non
329 1991 429 2047 luerint
449 1990 630 2046 secundarum
653 1987 804 2041 litterarum
828 1984 993 2039 atrctoritato
1010 1982 1051 2037 ci·
1101 1993 1193 2039 coram
1209 1978 1288 2034 dictis
1301 1978 1437 2047 judicibus
1457 1978 1604 2049 litigatum,
1626 1988 1654 2034 et
1667 1978 1894 2049 archipresbyter

264 2093 337 2151 tatae,
362 2085 542 2139 instrumento
570 2079 734 2135 Parisicnsis
760 2078 879 2149 episcopi
907 2076 1051 2147 diligenter
1098 2085 1162 2139 utra
1179 2068 1318 2137 objecerat
1331 2068 1781 2139 scasscrcrctprohatarum,nihil
1798 2078 1890 2123 tamen

261 2168 392 2245 inspecto,
404 2174 588 2243 elutriusqnc
603 2172 688 2242 partis
714 2168 868 2227 rationibus
892 2167 1049 2233 intellectis,
1100 2176 1134 2219 ex
1150 2151 1216 2235 ipsis
1227 2164 1343 2235 probare
1359 2164 1466 2239 carravit
1485 2164 1555 2219 inira
1580 2172 1713 2219 semestre
1740 2171 1847 2234 tempus
1865 2163 1891 2216 in

259 2265 352 2322 habite
368 2266 527 2335 prudentum
543 2263 680 2329 consilio,
703 2262 877 2331 saepedictum
911 2258 1050 2327 archipre
1100 2257 1205 2311 nostris
1226 2254 1325 2309 litteris
1340 2255 1578 2325 comprehensum.
1593 2253 1652 2321 ero
1667 2261 1816 2318 transacto,
1829 2260 1892 2323 post

259 2357 450 2429 sbyterumad
467 2356 633 2412 reddentium
657 2349 930 2407 annuatimecclesiae
953 2357 1050 2404 vestra
1100 2345 1167 2435 duos
1202 2358 1309 2399 meuses
1338 2344 1512 2416 presentiam
1542 2346 1735 2415 praedictorum
1767 2342 1892 2412 iudicum

261 2447 434 2503 medietatem
452 2447 571 2501 onmium
596 2453 776 2515 proventuum
803 2440 926 2497 ecclesiae
956 2438 1048 2495 Sancti
1100 2436 1195 2493 adicus
1221 2436 1347 2507 allegavit
1375 2436 1497 2506 praedicti
1527 2436 1647 2508 episcopi
1676 2436 1886 2492 concessionem

259 2536 355 2596 iacobi
368 2538 584 2594 condemnarunt
600 2550 700 2606 :quam
713 2535 873 2591 seutentiam
886 2541 1049 2604 procurator
1099 2527 1158 2599 ipso
1178 2527 1240 2598 jure
1263 2528 1367 2583 viribus
1388 2528 1524 2594 caruisse,
1549 2544 1612 2583 cum
1626 2545 1679 2583 nou
1705 2536 1844 2583 constaret
1856 2529 1890 2581 ml

259 2638 350 2687 restcr
374 2628 452 2699 petiit
470 2627 637 2684 conllrrnari.
656 2625 723 2682 Com
750 2625 833 2695 igitur
861 2624 919 2679 haec
949 2634 977 2679 ct
1002 2622 1048 2678 ilia
1099 2621 1150 2677 hoc
1175 2622 1356 2678 interrenissc
1393 2635 1558 2677 consensum
1584 2621 1739 2693 presbyteri
1767 2620 1892 2675 ecclesie

258 2720 550 2791 quamarchipreshytcr
577 2718 611 2773 ad
638 2716 848 2789 irnpntynamlam
865 2724 920 2770 tam
936 2714 1048 2770 interlo·
1099 2722 1267 2779 memoratae,
1292 2714 1338 2784 qui
1359 2713 1538 2784 rctyttireudns
1555 2728 1609 2767 non
1637 2713 1773 2768 immerito
1789 2712 1889 2775 luerat,

258 2810 392 2867 cutoriam
413 2825 494 2880 urrant
534 2808 704 2865 diffinitivant
733 2807 897 2864 senitentiam
921 2806 1047 2874 iudicum
1097 2820 1159 2861 curn
1172 2820 1204 2859 es
1220 2804 1271 2861 hoc
1285 2806 1309 2861 ci
1334 2805 1519 2876 praejudicium
1543 2814 1697 2874 pararetur.
1722 2804 1811 2871 Unde,
1825 2820 1890 2860 cum

259 2900 452 2969 predictorum
465 2900 602 2970 proposuit
627 2914 720 2956 eoram
743 2914 776 2954 eo
801 2898 874 2953 idem
897 2895 1047 2953 cardinalis
1096 2896 1238 2966 superbis
1253 2896 1457 2967 etaliispartcs
1482 2913 1537 2954 uon
1566 2898 1724 2954 desinerent
1747 2896 1890 2963 altercari,

261 2990 345 3048 nohis
361 2991 477 3048 ltdclitcr
487 2992 630 3055 retulisset,
645 3006 694 3047 nos
705 2989 937 3046 interlocutoriam
947 3004 1047 3059 supra·
1094 2987 1202 3058 iudices
1212 2988 1245 3044 de
1256 2990 1369 3045 consilio
1386 2990 1534 3059 peritorum
1545 3004 1594 3045 vos
1605 2999 1633 3044 ct
1646 2997 1752 3060 partem
1769 2990 1888 3045 alteram

256 3083 369 3153 dietant,
385 3098 432 3153 pro
451 3099 483 3139 co
503 3084 574 3154 quod
590 3082 660 3153 juris
678 3084 773 3138 ordine
799 3098 852 3137 uon
881 3089 989 3137 servato
1018 3096 1033 3134 a
1058 3095 1158 3174 ccum
1175 3080 1283 3149 negotio
1295 3078 1462 3135 sufficienter
1475 3080 1610 3135 instructa
1623 3080 1658 3135 ad
1669 3080 1761 3136 sedent
1776 3089 1891 3149 aposto·

256 3173 361 3230 duobus
387 3183 491 3228 tantum
514 3173 662 3242 judicibus,
680 3176 762 3231 tertio
790 3191 819 3231 sc
832 3174 986 3230 nullatenus
999 3189 1045 3228 ex·
1096 3171 1175 3228 licant
1192 3172 1365 3228 seruiscrnut.
1385 3173 1512 3228 Partibus
1543 3172 1635 3243 itaque
1648 3175 1891 3244 proptcrhocnu·

255 3272 379 3329 cusantc,
391 3264 496 3336 prolata
512 3265 611 3330 lucrat,
634 3265 741 3320 irritam
756 3265 927 3320 decrevimus
942 3274 969 3321 ct
985 3266 1044 3319 ina·
1094 3281 1144 3337 per
1157 3265 1184 3318 in
1194 3273 1287 3320 nostra
1300 3265 1444 3335 praesentia
1455 3263 1630 3331 constitutis,
1656 3279 1718 3319 erun
1748 3263 1892 3335 archipre-

257 3355 450 3426 ncnt.i'crurn,
460 3357 818 3428 qttorviamarchipresbyter
830 3357 863 3411 ad
874 3355 1043 3412 dilliuitivam
1094 3359 1188 3433 sltytcr
1198 3360 1363 3430 supradicta,
1379 3372 1440 3428 qrtae
1448 3367 1542 3413 contra
1558 3357 1768 3412 instrumentum
1779 3355 1891 3425 ohy‘ccc-

255 3449 419 3503 sententiam
438 3449 635 3520 reprobandam
660 3451 729 3506 hanc
749 3452 820 3504 viam
831 3467 847 3504 a
860 3450 939 3507 nobis
953 3451 1044 3520 requi·
1095 3459 1149 3516 rat,
1162 3465 1255 3505 coram
1270 3448 1350 3505 nohis
1378 3448 1460 3502 etiarn
1489 3447 1626 3509 iterasset,
1643 3446 1774 3515 adjiciens
1788 3448 1891 3502 nihilo-

253 3539 322 3594 situs
335 3537 417 3611 clegit
442 3549 471 3594 nt
493 3541 704 3596 instrumentum
730 3541 892 3597 Parisiensis
907 3543 1042 3612 episcopi,
1094 3540 1186 3595 tainus
1201 3540 1272 3611 quod
1286 3540 1416 3610 praedicta
1430 3540 1572 3594 concessio
1586 3553 1636 3608 per
1649 3537 1807 3607 episcopum
1820 3542 1890 3595 alts-

253 3629 537 3703 qnodsecutiy'urliccs
560 3632 724 3686 sententiam
744 3631 939 3706 tulepant,non
958 3630 1044 3688 luisse
1094 3645 1147 3701 tyrse
1171 3632 1323 3702 presbytcri
1350 3631 1515 3701 parochialis
1541 3645 1655 3687 assensn
1681 3641 1742 3686 crat
1766 3631 1891 3687 invalida

253 3716 314 3786 jure
349 3720 496 3775 suhui-rum
524 3721 697 3788 ostenderet,
726 3722 832 3778 dilectis
861 3722 924 3778 iliis
950 3723 1043 3779 abbati
1088 3721 1635 3796 judicanda,parsvcstrainteremtcra
1661 3724 1701 3779 sic
1729 3725 1888 3794 respondit,

254 3809 360 3865 Sancte
372 3809 528 3878 Genoveim,
545 3822 573 3867 et
592 3811 634 3867 W.
650 3813 1000 3870 arclridiaconoParisiensi
1015 3821 1043 3868 ct

255 3901 359 3956 decano
374 3901 501 3956 bleldensi
526 3903 652 3960 dediurns
677 3905 703 3959 in
718 3907 854 3962 mandatis
872 3917 902 3960 ut
917 3907 1043 3962 audirent

253 3993 647 4066 quincunquearchipresbyter
659 4007 823 4053 memoratus
834 4007 929 4054 contra
942 3998 1043 4054 instru-

254 4093 386 4148 mentum,
401 4082 470 4138 iulra
479 4101 525 4140 ses
539 4099 643 4140 menses
652 4095 795 4156 postquam
808 4086 878 4142 toret
889 4087 1041 4142 cstrtbitnm

253 4189 345 4230 eoram
357 4177 397 4232 cis
412 4177 522 4233 tirrceret
550 4178 737 4248 proponenda,
755 4179 816 4232 etsi
834 4178 887 4235 tale
897 4179 962 4248 quid
975 4193 1043 4232 con-

208 4297 211 4304 .
253 4276 295 4322 tra
321 4267 408 4338 ipsum
435 4269 569 4339 objectum
601 4280 674 4325 esset
713 4271 825 4325 forsitan
847 4279 877 4330 ct
900 4279 1040 4326 ostensum

1094 3813 1169 3886 qtrorl
1181 3827 1265 3885 super
1286 3814 1319 3869 iis
1332 3829 1393 3884 quae
1419 3815 1643 3885 archipresbyter
1670 3826 1765 3871 contra
1780 3817 1891 3872 instru-

1094 3915 1218 3962 mentum
1229 3906 1371 3977 ohiecerat
1385 3922 1438 3962 non
1449 3915 1510 3962 erat
1523 3906 1636 3962 ulterius
1649 3908 1809 3973 andiendus,
1822 3925 1888 3964 cum

1094 3999 1138 4056 illa
1153 4013 1325 4068 arenamquam
1338 3998 1495 4068 probaverit
1509 3998 1579 4054 inira
1597 4011 1704 4070 tempus
1719 4000 1888 4070 prolinitum

1093 4089 1209 4146 anobis.
1225 4089 1320 4144 Sedet
1336 4089 1399 4145 illud
1417 4105 1482 4160 pars
1493 4099 1583 4146 vestra
1599 4091 1724 4146 lrirolum
1740 4091 1891 4161 reputabat

1092 4175 1164 4244 qrrud
1178 4176 1212 4230 dc
1226 4189 1360 4230 consensu
1371 4177 1536 4247 presbyteri,
1553 4177 1599 4246 tyrsi
1615 4192 1667 4233 uon
1681 4179 1886 4243 intervenerat,

1092 4267 1311 4338 archipresbyter
1323 4268 1420 4323 ultimo
1435 4268 1593 4333 introdusit,
1611 4284 1672 4323 cum
1686 4285 1738 4325 non
1748 4271 1888 4339 prohamli

252 4366 365 4430 propter
378 4360 450 4429 quod
460 4360 557 4415 merito
571 4360 710 4428 reprobari
727 4362 850 4427 deberet,
865 4361 917 4432 ipsi
929 4371 1041 4417 sentcn-
1091 4359 1208 4428 episcopi
1235 4359 1435 4414 cosvccssionem
1458 4359 1604 4414 invalidam
1643 4361 1691 4416 scd
1720 4361 1888 4432 reprobandi

252 4451 318 4504 tiam
331 4450 452 4520 jmlicurn
466 4451 668 4519 praedictorum,
686 4451 731 4521 qui
760 4451 839 4506 lident
864 4453 1037 4508 instrumenti
1054 4461 1076 4515 υ
1092 4450 1264 4507 solummodo
1288 4451 1498 4505 instrumentum
1514 4450 1630 4507 incultas
1644 4452 1668 4508 ei
1684 4451 1785 4508 dudum
1800 4453 1888 4510 inerit

251 4552 396 4613 sequentes
411 4544 533 4598 eantdcm
559 4541 698 4609 tulerant,
722 4544 829 4600 strlrlato
851 4544 1041 4616 appellationis
1092 4550 1252 4605 reservata;
1277 4540 1395 4594 maxime
1417 4555 1478 4595 cunt
1495 4539 1565 4595 inira
1591 4543 1735 4612 praetaxati
1750 4547 1887 4615 temporis

251 4633 395 4690 obstaculo
410 4643 601 4701 retractarent,
619 4633 741 4690 ecciesiae
762 4645 861 4690 vestre,
881 4651 965 4706 super
982 4651 1040 4692 mc·
1091 4635 1208 4706 spatium
1234 4635 1285 4694 hoc
1310 4648 1461 4704 proponere
1477 4650 1529 4690 non
1557 4635 1669 4690 curarit.
1684 4634 1732 4692 liis
1758 4637 1841 4708 igitur
1855 4649 1888 4694 et

252 4727 352 4784 dictate
365 4737 543 4798 proventuum
564 4725 685 4784 ecclesiae
708 4727 801 4782 Sancti
821 4724 914 4782 lacobi
939 4742 1039 4798 perpe·
1091 4726 1153 4780 aliis
1170 4741 1231 4795 qtrm
1246 4733 1362 4793 utraque
1375 4740 1439 4794 pars
1457 4727 1597 4796 proposuit
1611 4727 1764 4795 intellectis,
1781 4729 1886 4785 deira-

252 4827 327 4872 tuum
342 4820 478 4875 silentium
501 4823 680 4892 imponentes,
704 4836 765 4876 curn
788 4835 837 4891 per
855 4819 1041 4888 depositiones
1091 4829 1162 4872 trum
1188 4828 1346 4873 nostrorum
1363 4819 1478 4875 covasilio
1503 4821 1666 4876 sentmtiam
1688 4823 1886 4892 praedictorum

251 4911 371 4978 testium,
394 4925 463 4976 utras
489 4911 583 4979 inspici
606 4910 720 4966 iccirnus
748 4911 902 4982 diligenter,
921 4910 964 4965 vel
986 4909 1040 4964 alin
1087 4909 1208 4980 judicum
1221 4909 1413 4980 approbantes,
1425 4911 1689 4982 archipresbyterum
1704 4914 1886 4984 saepedictum

252 5001 373 5072 legitimo
387 5003 467 5058 modo
480 5003 550 5057 nihil
573 5001 738 5057 srtlilcicnter
753 5011 891 5057 constaret
904 5016 965 5057 esse
977 5015 1040 5072 pro·
1089 5016 1172 5071 super
1199 5001 1345 5057 medietate
1387 5002 1510 5057 omnium
1541 5013 1729 5073 ,proventuum
1758 5005 1888 5061 ccclesias

251 5093 355 5154 botrum.
375 5094 510 5164 httequin,
535 5109 596 5148 cum
613 5091 835 5162 archipresbyter
856 5091 923 5146 nihil
942 5105 1039 5161 propo-
1091 5095 1184 5152 s'aucti
1201 5094 1294 5154 iacobi
1307 5097 1449 5153 annuatim
1465 5096 1630 5151 mottasterio
1642 5091 1732 5153 restro
1744 5097 1885 5154 reddenda

251 5187 349 5240 suisset
365 5184 436 5238 aliud
451 5183 521 5254 quod
534 5183 636 5238 valeret
648 5189 743 5236 contra
764 5179 929 5235 sententiam
942 5195 1039 5252 snpra·
1090 5189 1287 5245 sententiantes
1305 5189 1433 5245 duximus
1447 5188 1696 5244 condemnandum,
1712 5187 1784 5243 pryy
1800 5203 1885 5259 ergo,

251 5279 426 5349 (detinuisti
435 5275 557 5332 eamdem
570 5275 733 5331 auctoritate
749 5282 840 5329 nostra
858 5275 1038 5345 appellatione
1088 5279 1814 5353 ctc.,hancpaginamnostraedilhnitionisintringere,
1825 5293 1886 5338 erc.

250 5371 396 5443 postposita
409 5369 614 5432 condrtnantcs',
631 5367 716 5440 ipsam
731 5383 936 5439 percensuram
950 5367 1038 5423 eccle·
1089 5371 1118 5429 Si
1132 5374 1193 5444 quis
1202 5383 1303 5436 autem,
1319 5382 1387 5441 cto,
1398 5389 1479 5444 asprrc
1492 5373 1677 5428 incursurum.

250 5465 391 5519 sias-ticam
411 5459 532 5514 iacerent
548 5458 742 5515 inviolabiliter
761 5459 911 5516 observari.
927 5459 956 5514 ln
970 5473 1037 5528 qrrn
1124 5469 1221 5522 parum
1235 5466 1382 5532 paremur,
1406 5482 1455 5521 ω,
1479 5465 1539 5521 14³1,
1553 5465 1687 5533 typumi,
1704 5465 1886 5538 ponpypfflws

251 5570 308 5608 rum
342 5553 512 5624 postmodum
537 5551 680 5622 praeseutia
708 5552 831 5620 partibus
856 5549 1035 5613 constitutis,
1088 5557 1443 5615 postetamwdupdeeimp,

248 5645 469 5715 archipresbyter
483 5645 604 5712 quaedam
629 5651 725 5700 contra
749 5642 909 5713 praedictam
935 5655 1036 5711 propo-
1461 5696 1490 5708 -

248 5739 302 5794 tuit
327 5738 556 5805 instrumentum,
577 5743 762 5809 propterque
792 5732 907 5790 asseruit
929 5730 1032 5788 nullam
