4109 6325
315 254 383 313 idib

984 251 1183 311 tsu'ocerrtt
1204 256 1235 312 ΙΙΙ
1255 256 1306 313 ΙΨ.

1878 254 1945 312 ttdtt

313 347 441 407 conrado
457 356 520 403 tnnc
536 346 644 403 demum
658 344 691 400 ad
716 344 835 415 gratiam
859 342 998 398 redeunte.
1030 343 1099 396 Sunt
1117 353 1139 407 ,t
1157 344 1263 405 beritos,
1280 356 1332 395 oon
1353 338 1440 394 solum
1454 340 1596 395 ccrrsillunt
1611 347 1658 397 sed
1674 342 1807 401 auxilium
1825 357 1945 407 restrum

313 452 406 497 autem
423 440 527 496 notoria
543 437 746 509 impedimenta,
761 450 821 505 quae
835 434 950 506 praiaco
976 436 1037 490 duci
1067 436 1100 489 ad

313 547 391 587 suam
407 530 609 599 promotionem
628 526 774 591 obsistunt,
797 525 919 581 videlicet
942 540 1101 581 excommu-

312 620 414 677 nicatio
428 619 549 690 publica,
565 618 714 690 perjurium
731 618 918 683 ananiiestum,
929 626 955 672 et
971 631 1100 687 persecu·

311 713 350 769 tio
370 711 507 781 divulgata
523 725 603 781 quem
617 710 803 780 progenitores
825 710 884 781 ejus
909 717 935 765 et
958 710 1018 778 ipse
1032 724 1102 779 praa-

312 812 489 876 snmpseront
509 804 536 859 in
552 802 731 873 apostolicam
748 802 840 857 sedern
866 809 895 857 et
914 802 985 857 alios
1012 801 1101 857 ecclc·

314 896 440 950 siasticos
450 909 589 951 exercere.
603 893 682 950 Unde
691 894 776 948 rideri
788 909 841 950 nott
854 893 1104 963 immeritopoterat

313 986 386 1054 qnod
401 985 434 1038 ad
453 984 670 1055 reprobationem
684 983 769 1054 ipsius
786 998 840 1038 non
859 991 919 1039 erat
944 983 1011 1039 ordo
1031 982 1102 1050 ludi-

313 1075 414 1131 eiariua
430 1076 629 1143 observandus,
657 1090 718 1131 eum
750 1075 859 1131 actione
887 1090 940 1131 non
965 1074 1105 1144 indigeant

313 1166 1106 1239 manifesta.Fuitenim,ele„utsupradc(5l)inrpedimen·

1154 432 1232 485 nolis
1243 430 1387 485 ellicnciter
1402 431 1538 497 tribuatis,
1555 438 1584 485 ut
1597 434 1670 502 qnod
1692 434 1762 491 bene
1776 436 1946 510 incoepimns,

1157 522 1253 576 melius
1272 520 1466 591 compleamus.
1482 518 1660 577 Eeceetenim
1679 522 1810 583 Dorulaus
1821 540 1942 585 nostram

1155 612 1433 683 ridetnrapprobassc
1446 611 1589 667 consilium
1617 613 1660 668 rel
1680 616 1758 671 nobis
1778 618 1844 673 illud
1866 622 1945 680 mise-

1157 702 1300 757 ricorditer
1316 702 1475 771 Inspirasse,
1493 716 1553 757 curn
1567 719 1612 758 ret
1630 705 1688 774 ipse
1701 706 1735 761 de
1747 708 1791 763 die
1820 710 1846 764 in
1876 712 1944 767 diem

1158 794 1202 846 ilat
1214 794 1304 863 seipso
1324 793 1469 859 robustior,
1484 802 1512 851 et
1527 810 1639 864 regnum
1652 795 1712 865 ejus
1739 797 1842 869 jugiter
1861 803 1939 858 robo-

1158 896 1243 951 retur,
1259 895 1288 941 et
1302 885 1461 941 debilitetur
1490 886 1614 957 quotidie
1641 902 1706 957 pars
1733 890 1862 959 adversa,
1888 910 1940 949 non

1159 985 1212 1031 tarn
1231 977 1346 1030 lnrmana
1359 991 1439 1030 manu
1460 991 1541 1045 quam
1554 977 1645 1033 diviua
1658 978 1775 1048 dejecta.
1791 981 1857 1036 Cum
1872 987 1941 1041 enirn

1160 1070 1212 1123 lme
1239 1082 1310 1122 antro
1326 1069 1377 1123 rlux
1404 1068 1509 1123 Suesia}
1530 1070 1702 1139 supradictus
1725 1080 1826 1128 terram
1850 1076 1944 1131 nol-ilis

1158 1159 1207 1212 riri
1222 1156 1365 1231 langravii
1380 1158 1538 1229 Tlruringiae
1548 1160 1642 1215 luisset
1661 1162 1798 1232 ingressus
1813 1174 1943 1236 etqrmm·

313 1257 348 1311 lia
368 1257 435 1328 (bil.
452 1256 575 1325 Qnalitcr
595 1256 733 1327 Plrilippns
752 1257 1003 1315 excommunicatus
1026 1255 1109 1310 inerit
1164 1253 1225 1304 dant
1239 1251 1377 1305 civitatem
1399 1251 1558 1320 ipsiuseum
1579 1253 1637 1307 suis
1662 1254 1816 1312 fautoribus
1840 1258 1944 1313 obside-

315 1360 343 1405 et
354 1358 406 1414 cst,
421 1365 482 1403 cunr
496 1348 583 1403 adbuc
604 1348 874 1419 lareatCapparono,
890 1348 936 1419 qni
954 1346 1109 1402 llarcuddo
1162 1341 1277 1413 certia),
1288 1357 1332 1397 tet
1345 1342 1411 1412 lpse.
1421 1342 1944 1416 rtuurrtibusetiamquibosrtanrexsuts

314 1428 342 1496 in
364 1441 466 1496 ritalitia
481 1448 509 1495 ct
528 1442 811 1497 excommunicatione
825 1440 967 1506 successit,
993 1455 1045 1494 nec
1059 1454 1109 1493 nn-
1160 1448 1221 1487 cunt
1235 1432 1303 1488 duee
1316 1431 1453 1487 Bobemie
1465 1442 1492 1487 et
1506 1431 1566 1489 aliis
1578 1434 1624 1503 qui
1636 1436 1836 1492 auxiliabantur
1855 1438 1944 1493 eidem

314 1548 394 1604 qnam
403 1532 481 1587 luerit
490 1529 638 1596 absolutus,
646 1532 958 1602 etquodreneritcontra
972 1529 1109 1601 proprium
1162 1522 1189 1577 in
1212 1524 1343 1579 auxilium
1359 1522 1501 1596 Langravii
1520 1540 1678 1596 properans,
1693 1528 1846 1585 obsidentes
1862 1532 1947 1585 ubsc-

311 1624 506 1694 joramcutum,
532 1621 616 1679 luerit
642 1623 723 1678 etiam
737 1621 770 1677 de
793 1631 997 1693 persecutorum
1012 1633 1110 1691 genere
1162 1614 1200 1671 dit
1213 1632 1221 1680 ς
1235 1625 1262 1671 et
1275 1614 1394 1673 iaciente
1418 1633 1481 1672 cum
1496 1632 1529 1673 eo
1544 1618 1654 1673 domino
1664 1620 1769 1690 signnm
1780 1622 1807 1675 in
1828 1623 1945 1688 bocauna,

314 1712 454 1783 orlandus,
468 1720 496 1771 ci
508 1721 549 1769 cet
561 1712 725 1770 Ececlesiam
745 1721 913 1784 persecutus,
925 1710 1111 1780 etqualiterli·
1125 1692 1147 1748 Β
1161 1706 1300 1778 Philippus
1326 1708 1360 1764 de
1383 1706 1514 1777 Turingia
1534 1708 1560 1764 in
1582 1708 1729 1764 Saxoniam
1749 1710 1783 1764 ad
1811 1712 1944 1780 maiorem

315 1806 406 1861 bertas
416 1806 566 1876 principum
576 1804 711 1875 deperiret
723 1804 745 1859 si
759 1804 845 1873 ipsum
862 1802 1005 1873 eligerent,
1021 1800 1107 1869 quali·
1161 1800 1310 1855 exercitum
1322 1798 1500 1871 colligendum
1520 1800 1639 1871 auiugit;
1655 1802 1704 1857 sed
1728 1816 1778 1857 nec
1792 1802 1891 1859 ibidem
1909 1804 1941 1857 il-

316 1909 458 1952 terautcm
472 1895 637 1951 Fredericus
666 1904 692 1951 et
707 1894 840 1950 llenricus
853 1894 988 1964 persecuti
1004 1890 1106 1947 inerint
1157 1890 1212 1947 lum
1229 1901 1389 1963 exspectare
1411 1893 1593 1963 presumpsit,
1610 1892 1665 1947 imo
1690 1892 1725 1949 ad
1747 1893 1893 1960 diritatem,
1915 1894 1942 1949 in

316 1988 518 2051 borribardiam,
532 1986 651 2057 qualiter
664 2000 724 2041 eam
740 1986 877 2055 strbjieere
894 1984 1032 2040 voluerint
1048 1998 1106 2039 ser·
1161 1996 1214 2051 qua
1243 1981 1284 2037 sui
1314 1980 1510 2036 obsidebantur
1538 1986 1645 2037 oecutte
1665 1990 1819 2050 revertens,
1846 1984 1939 2040 relicto

317 2081 404 2147 rituti,
417 2079 533 2152 qualiter
547 2078 688 2149 Philippus
702 2078 758 2148 ipse
769 2078 858 2132 adbuc
866 2085 976 2147 patrum
989 2089 1101 2131 saorrnn
1157 2073 1276 2128 exercitu
1286 2072 1456 2141 etdisperse,
1472 2088 1534 2128 cum
1550 2074 1643 2145 paucis
1661 2075 1687 2129 in
1708 2072 1840 2131 Sueviam
1852 2076 1939 2132 laten-

316 2176 454 2231 inlraerens
467 2170 600 2242 vestigiis,
617 2184 731 2242 regnum
756 2168 856 2225 Siciliae
871 2170 948 2225 nobis
973 2178 1001 2224 et
1017 2168 1103 2223 etiarn
1158 2172 1202 2219 ter
1223 2164 1362 2219 abscessit.
1376 2162 1509 2220 Caeterum
1533 2180 1581 2221 rex
1604 2164 1752 2237 predictus
1771 2181 1824 2223 non
1851 2172 1942 2239 paucis

315 2264 405 2335 nepoti
418 2279 468 2319 suo
486 2262 646 2319 subtralrere
659 2259 795 2328 moliatur,
815 2268 919 2328 restra,
943 2259 1013 2316 sicut
1046 2273 1105 2315 cre
1156 2254 1254 2310 castris
1264 2264 1293 2309 et
1307 2254 1387 2310 terris
1401 2270 1461 2326 quar
1476 2256 1537 2311 duci
1560 2255 1688 2312 lacerant
1717 2267 1846 2327 potenter
1869 2274 1943 2315 acce-

315 2358 415 2421 dimus,
430 2354 598 2411 universitas
614 2368 666 2407 non
694 2354 812 2422 ignorat.
840 2350 868 2406 lu
902 2366 1018 2422 persona
1040 2363 1103 2405 sero
1155 2348 1218 2417 ptis,
1235 2346 1262 2401 in
1275 2344 1341 2403 locis
1355 2362 1415 2417 quae
1432 2348 1488 2418 ipse
1503 2350 1577 2420 prius
1592 2350 1726 2406 babuerat
1739 2350 1877 2407 solemnes
1897 2366 1942 2406 ce·

315 2449 388 2519 regis
401 2447 512 2503 Ottonis
524 2444 590 2499 nilril
605 2444 791 2513 impedimenti
823 2442 1000 2513 cognorimus
1030 2440 1102 2510 quod
1156 2440 1212 2495 rias
1227 2439 1385 2507 celebrarit,
1402 2440 1646 2511 tamaiangrario
1661 2458 1743 2513 qnam
1766 2445 1835 2499 duce
1859 2444 1942 2499 liobe-

314 2538 483 2611 promotioni
509 2534 569 2605 ejus
591 2536 759 2604 aliquatenus
786 2532 920 2587 obviaret.
953 2530 1028 2588 Urrde
1042 2546 1103 2586 cum
1156 2532 1227 2599 naias,
1249 2546 1330 2604 quent
1353 2532 1404 2603 ipsi
1427 2548 1517 2606 regent
1534 2534 1682 2605 appellant,
1704 2546 1733 2592 et
1748 2535 1834 2593 iratre
1859 2536 1944 2607 ipsias

315 2629 469 2695 enm,lieet
487 2628 548 2683 sine
573 2627 660 2692 robis,
679 2639 727 2694 pro
752 2624 828 2679 robis
850 2633 939 2679 tamen
969 2622 1106 2692 receperi·
1156 2624 1312 2680 marritione
1348 2624 1524 2696 llorariae,a
1553 2628 1772 2701 multisquoque
1796 2632 1942 2687 comitibus

315 2718 485 2790 nareiacum
501 2716 683 2789 regem,etei
698 2714 822 2768 lavarem
849 2711 1028 2784 apostolieum
1052 2711 1104 2765 du·
1155 2712 1290 2785 Suppanis
1306 2714 1445 2772 ildelitatis
1463 2716 1619 2787 juramenta
1643 2722 1758 2792 recepit,
1791 2730 1818 2777 et
1841 2736 1890 2777 eos
1912 2724 1945 2777 de

314 2812 439 2865 serimus
449 2806 673 2877 impendendum,
689 2804 768 2874 carius
783 2816 863 2876 pater
876 2820 926 2876 pro
938 2803 1102 2861 lombardia
1159 2804 1248 2862 leudis
1264 2804 1320 2862 suis
1333 2805 1493 2865 solemniter
1502 2808 1580 2878 juxta
1591 2810 1697 2881 imperii
1718 2814 1943 2870 consuetudinem

315 2917 368 2955 non
388 2900 476 2956 solum
494 2899 586 2955 edium
616 2896 789 2967 imperator-is
822 2896 948 2961 lttcuttit.
977 2895 1024 2950 sed
1054 2908 1103 2949 sud
1156 2900 1302 2957 investivit.
1318 2900 1357 2957 Ne
1371 2902 1464 2973 igitur,
1479 2904 1501 2958 si
1518 2904 1597 2959 duem
1611 2908 1845 2975 exspectaveritis,
1871 2909 1944 2963 reri·

316 2992 401 3048 etiam
415 2990 466 3046 luit
476 2989 640 3060 patrimonio
666 2987 809 3058 spoliatus,
837 2988 1015 3043 credebamus
1032 2988 1104 3057 qnod
1156 3002 1238 3047 tatem
1253 2994 1356 3065 negetis
1371 3000 1398 3049 et
1413 2991 1510 3049 Nescio
1522 3010 1565 3050 ros
1576 2993 1687 3066 (lierda
1700 2999 1765 3065 ιιι)
1782 3012 1844 3051 eum
1860 2998 1944 3053 latois

313 3101 368 3138 raon
387 3082 476 3139 solum
487 3078 631 3137 consilinm
643 3080 690 3136 sed
706 3079 838 3135 auxilium
855 3090 1037 3151 opportunum
1051 3097 1101 3135 no·
1116 3113 1140 3178 c
1157 3080 1307 3153 uirginibus
1321 3082 1448 3150 audiatis,
1465 3083 1638 3154 praeveniatis
1652 3100 1742 3156 regem
1754 3086 1844 3155 ipsmn
1861 3088 1944 3143 obse·

314 3177 357 3232 bis
369 3177 404 3231 ob
420 3174 541 3231 iacerem
558 3173 630 3245 regis
648 3173 737 3242 ipsius
751 3181 779 3229 et
803 3172 828 3229 ei
855 3175 891 3230 ob
921 3175 1101 3229 reverentiam
1155 3176 1229 3246 quio,
1242 3181 1270 3229 et
1284 3188 1346 3229 eurn
1358 3175 1521 3246 recipientes
1535 3177 1560 3232 in
1582 3191 1672 3248 regern
1692 3177 1823 3232 auxilium
1844 3179 1938 3236 eitam

313 3265 470 3339 apostolicas
494 3265 568 3322 sedis
592 3273 620 3322 et
642 3273 764 3320 nostram
787 3273 913 3336 potenter
937 3273 964 3318 et
986 3264 1103 3318 viriliter
1157 3263 1222 3319 utile
1232 3279 1313 3335 qnam
1323 3263 1418 3321 edicas
1432 3267 1607 3338 impendatis·
1621 3269 1760 3340 Alioquin,
1774 3271 1871 3325 dextra
1890 3273 1942 3324 lio-

313 3355 618 3428 impenderecuraretis
642 3355 794 3425 praesertim
805 3364 948 3426 postquam
958 3355 1102 3424 exegimus
1154 3355 1219 3411 mini
1246 3356 1364 3414 iaciente
1392 3359 1541 3424 uirtutem,
1564 3368 1591 3414 et
1608 3374 1655 3415 rex
1675 3361 1731 3430 ipse
1764 3361 1944 3432 promotionis

315 3449 420 3505 anobis
434 3457 599 3517 utrumque;
615 3459 732 3513 cumque
743 3444 887 3501 consilium
902 3461 955 3502 non
969 3459 1051 3516 super
1067 3445 1101 3500 iis
1155 3461 1212 3502 suae
1228 3447 1342 3519 recipiet
1355 3448 1564 3516 incrementum,
1586 3457 1613 3506 et
1628 3453 1654 3505 in
1676 3453 1801 3521 proximo
1829 3467 1941 3509 monar-

314 3557 375 3612 qua·
387 3549 452 3596 sunt
462 3539 600 3610 praeterita
612 3539 779 3608 requiratur,
800 3537 850 3593 sed
873 3539 999 3594 trabatur
1018 3540 1101 3594 inter·
1153 3538 1243 3593 elliam
1258 3539 1363 3609 imperil
1378 3539 1516 3596 obtinebit
1531 3555 1539 3606 ;
1555 3539 1604 3597 sed
1617 3543 1694 3600 robis
1707 3545 1734 3599 in
1749 3544 1823 3598 nrrllo
1839 3546 1943 3599 tenebi-

312 3633 417 3686 dama
451 3627 598 3698 praeteritis
625 3629 660 3683 ad
693 3625 796 3692 lutura,
822 3625 1002 3683 credebamus
1028 3627 1101 3696 qarod
1154 3629 1939 3704 tur,etn0srobisnrinusreputabimusdebirores.Cum

312 3720 434 3792 pensatis
448 3717 548 3790 negotii
563 3718 779 3774 circumstantiis
791 3727 819 3774 et
835 3717 870 3774 iis
887 3719 1013 3789 quaejam
1033 3717 1100 3773 ieci·
1160 3729 1249 3776 autem
1265 3721 1466 3778 renembittbus
1488 3721 1616 3780 iratribus
1637 3725 1738 3780 nostris
1762 3725 1943 3793 ferrariensi,

311 3828 373 3868 mus
387 3827 469 3883 super
485 3811 560 3866 lacto
575 3811 680 3880 imperii
695 3809 804 3879 plenius
819 3810 966 3881 indagatis,
977 3809 1098 3881 qualiter
1152 3810 1275 3880 Paplensi
1298 3823 1326 3870 et
1343 3814 1500 3870 Placentino
1512 3815 1656 3886 episeopis,
1686 3815 1785 3886 qulbus
1799 3817 1883 3872 etiam
1897 3831 1944 3872 re·

312 3906 345 3958 ad
357 3903 554 3973 promotionem
571 3901 656 3971 ipsius
668 3901 870 3971 procedendum
894 3911 969 3958 esset
995 3903 1022 3957 in
1049 3915 1099 3972 po·
1152 3903 1302 3958 nerabilem
1318 3903 1432 3961 tratrem
1446 3914 1569 3960 nostrum
1587 3905 1936 3976 llantuannmepiscopum

313 4005 415 4050 starum
431 3993 510 4049 nobis
525 3992 667 4048 consulere
678 3992 984 4050 curaretisetauxilium
1000 3995 1100 4063 imper·
1158 3993 1305 4060 sociamus,
1322 4009 1371 4064 pro
1403 4010 1436 4052 eu
1461 3995 1533 4065 quod
1559 4011 1620 4064 quae
1637 3996 1665 4051 in
1683 3991 1774 4052 'trustra
1796 3999 1943 4066 praesentia

314 4086 371 4141 tiri.
390 4085 490 4140 terina
502 4083 626 4155 plerique
640 4094 761 4139 restrum
774 4086 801 4140 io
822 4084 897 4140 nullo
921 4085 999 4141 nubis
1024 4086 1100 4139 auxi·
1154 4086 1316 4141 constitutus
1329 4099 1343 4139 a
1358 4086 1436 4142 nobis
1454 4087 1558 4141 audiuit
1575 4087 1652 4144 robis
1674 4088 1773 4158 poterit
1788 4089 1851 4141 vira
1876 4103 1944 4142 uoce

314 4178 377 4230 limn
397 4173 598 4246 promittentes,
614 4174 757 4230 consilium
785 4175 829 4230 rix
853 4175 997 4247 superficie
1022 4187 1100 4230 tenus
1153 4177 1267 4242 rcierre,
1285 4179 1423 4250 negotium
1439 4181 1509 4236 istud
1524 4181 1595 4251 apud
1607 4181 1865 4251 rosinjunxerimus
1877 4195 1943 4249 pro-

312 4268 498 4338 prarbnerunt,
514 4267 595 4339 quasi
609 4277 679 4322 esset
693 4266 781 4323 adlme
799 4270 870 4339 quod
889 4269 990 4326 laetum
1010 4268 1100 4324 irterat
1150 4270 1313 4335 curandum,
1327 4271 1492 4327 roltrmuset
1504 4273 1665 4328 mandanms
1678 4281 1707 4327 ut
1733 4287 1782 4342 per
1794 4285 1843 4329 eos
1862 4273 1944 4328 nubis

312 4361 476 4426 laciendum,
494 4369 541 4415 ant
555 4361 686 4417 vellemus
699 4362 771 4429 quod
788 4376 849 4417 eum
871 4363 957 4417 multa
984 4363 1098 4417 nrattni-
1149 4359 1257 4428 plenius
1265 4361 1431 4430 respondere
1446 4367 1557 4421 curetis.

312 4463 368 4508 tate
381 4451 497 4508 lecimus
507 4466 540 4507 ex
552 4453 634 4508 multa
648 4451 760 4505 levitate
774 4451 800 4507 in
817 4452 928 4508 dubium
958 4467 1098 4507 revocare.
1115 4454 1138 4509 b
1188 4450 1284 4507 liatmn
1296 4453 1436 4524 Anagniae,
1449 4470 1479 4510 tn
1491 4455 1553 4512 idus
1567 4455 1734 4512 Decembris.

310 4545 366 4601 Sed
378 4545 471 4601 forsan
484 4545 548 4614 quia
568 4559 622 4600 non
641 4544 836 4600 intellexeratis
865 4545 965 4615 negaui
987 4543 1099 4607 seriem,

292 4691 295 4695 ,
310 4652 362 4693 ttee
375 4637 466 4691 adbuc
477 4647 537 4690 erat
552 4651 696 4706 processus
720 4635 805 4690 nostri
821 4635 921 4691 veritas
932 4635 1010 4690 robis
1023 4644 1098 4700 stota,

311 4725 405 4780 taliter
418 4740 469 4795 per
480 4738 588 4781 restras
601 4724 709 4779 litteras
740 4725 943 4793 respondistis?
975 4724 1030 4780 Sed
1046 4740 1099 4781 non

310 4818 491 4872 credebamus
502 4816 578 4872 rubis
592 4816 713 4886 ignotum
725 4815 797 4884 quod
806 4813 863 4882 jam
880 4823 940 4870 erat
954 4815 981 4868 in
998 4815 1099 4873 Tertiu-
1130 4863 1132 4868 .

311 4909 355 4964 nia
372 4909 553 4980 divulgatum.

345 4999 487 5056 ilonentus
501 5001 584 5072 igitur
597 4999 805 5056 trrrirersitatem
820 5010 938 5055 vestram
950 5007 978 5054 et
990 4997 1093 5053 exbur-

311 5101 406 5146 tamur
421 5095 554 5148 attentius
567 5103 596 5147 et
608 5107 658 5162 per
669 5092 819 5162 apostolica
827 5093 928 5160 scripta
941 5091 1099 5145 trratrdamus

310 5196 447 5254 quatenus
465 5187 500 5240 ob
518 5185 700 5240 reverentiam
717 5185 871 5254 apostolicae
888 5184 960 5239 sedis
994 5193 1022 5238 et
1048 5197 1098 5238 no·

309 5288 397 5333 stram
411 5283 440 5331 et
453 5275 572 5346 propria
582 5275 721 5332 libertatis
742 5277 857 5331 obtentu
873 5275 943 5344 quod
968 5273 1099 5330 omisistis

310 5371 442 5424 bactenus
457 5368 517 5423 sine
534 5367 666 5423 dilatione
683 5368 806 5438 qnalibet
829 5368 990 5437 suppleatis,
1009 5374 1037 5420 et
1064 5365 1098 5419 iis

309 5461 436 5530 quaejam
459 5458 575 5514 lecimus
588 5459 694 5529 plenius
708 5459 865 5524 intellectis,
885 5460 1004 5530 qualiter
1017 5459 1043 5512 in
1060 5457 1099 5512 la·

310 5567 404 5606 rorem
433 5552 505 5622 regis
531 5553 617 5621 ipsius
641 5552 789 5608 debeamus
822 5553 970 5623 procedere
999 5551 1097 5608 reseri-

344 5666 400 5726 (stt
419 5665 447 5719 ld
462 5674 503 5720 est
514 5664 594 5733 epist.
615 5665 662 5728 29,
675 5665 720 5723 55.

345 5735 400 5806 aba)
413 5737 478 5793 l'ide
489 5736 572 5792 Gesta
583 5735 675 5793 luade.
689 5735 731 5806 ttt,
743 5751 767 5792 c.
781 5735 826 5794 td.

1504 4547 1593 4604 ttettt.

1493 4654 1601 4694 arsura.

1186 4715 1251 4772 Ciam
1264 4732 1313 4787 per
1328 4718 1496 4774 venerabiles
1521 4718 1621 4774 iratres
1653 4729 1760 4776 nostros
1782 4719 1945 4777 Ferrarien-

1151 4823 1221 4874 sent,
1237 4809 1396 4880 papiensem
1421 4820 1449 4866 et
1470 4809 1658 4865 Placentinum
1690 4811 1833 4883 episcopos
1858 4825 1945 4881 super

1151 4899 1226 4955 lacto
1241 4899 1348 4969 imperii
1370 4914 1421 4956 ros
1443 4914 1529 4970 nuper
1561 4900 1718 4956 duxerimus
1744 4902 1945 4968 correntendes,

1150 4991 1258 5062 quiade
1276 4991 1383 5061 negotio
1397 4993 1454 5061 ipso
1469 5006 1522 5046 non
1536 4990 1621 5047 eratis
1636 4990 1787 5060 adplenum
1799 4992 1946 5056 instructi,

1150 5082 1240 5138 nrirrus
1267 5081 1430 5138 sufficienter
1451 5090 1478 5136 et
1490 5081 1567 5151 plene
1586 5097 1635 5151 per
1655 5083 1763 5137 eosdem
1779 5082 1860 5137 nobis
1885 5083 1947 5145 epi·

1151 5184 1248 5240 scopos
1263 5171 1450 5242 respondistis.
1464 5169 1499 5225 Ut
1518 5171 1647 5241 igiturex
1663 5171 1768 5240 iisque
1787 5181 1848 5226 acta
1877 5183 1948 5226 strat

1150 5272 1283 5328 lractenus
1308 5272 1415 5342 plenius
1430 5270 1552 5328 iormetis
1566 5273 1648 5327 animi
1671 5272 1755 5326 uestri
1784 5283 1893 5328 motum
1921 5283 1949 5327 ct

1149 5365 1315 5436 propositum
1331 5374 1452 5420 uestrum
1472 5365 1570 5420 melios
1583 5365 1664 5420 robis
1689 5378 1827 5434 exponere
1851 5367 1950 5420 ralea·

1150 5457 1193 5520 tis,
1209 5471 1257 5526 per
1269 5456 1374 5512 litteras
1387 5456 1526 5528 generales
1540 5464 1625 5511 totam
1645 5455 1834 5526 serienrlmjrrs
1860 5459 1948 5522 iacti,

1148 5562 1229 5618 quam
1245 5547 1315 5604 scire
1330 5563 1376 5605 ros
1389 5549 1589 5619 expedit,robis
1598 5549 1724 5605 dusinus
1737 5553 1948 5618 exponendam.

1183 5663 1240 5734 (55)
1255 5663 1322 5717 Vide
1347 5663 1489 5721 Gedelrid.
1509 5664 1634 5724 atronaclr.
1655 5663 1748 5721 Sancti
1777 5661 1951 5736 Pantaleon.

1148 5734 1241 5791 adan.
1260 5733 1338 5790 tius.
