4109 6325
259 344 330 404 ιιει
905 309 1099 400 ιιιιιιιιιιιιι
1120 340 1154 397 ιιι
1173 338 1226 396 re.
1825 327 1902 386 ιιιιι

259 456 364 516 meritis
378 457 511 530 stipendia
526 464 696 530 receperunt.
711 457 846 523 Aliorum,
857 457 907 513 etsi
920 458 1044 524 dilatum,
1060 463 1247 522 acrosancta
1266 449 1395 508 ιιοιιιιιιιι
1413 443 1540 504 Ecclesiae
1559 460 1667 502 summo
1684 441 1901 518 pontifici,Put-

259 567 314 609 nen
327 561 415 608 tamen
427 561 469 608 cst
483 552 618 607 saluatum
637 549 786 621 judiciuma
800 551 865 621 qaia
879 550 933 606 nisi
957 563 1051 606 cessa·
1102 559 1203 608 iterus,
1220 541 1365 614 [leidradi
1381 538 1566 595 R0¹¹¹³¹¹⁰t¹¹m
1581 551 1629 592 ΝΣ
1642 544 1669 594 θῑ
1681 552 1789 607 sember
1801 535 1900 608 Ausu-

260 643 333 698 rcrit
347 656 446 708 carisa,
460 656 515 698 nou
536 640 656 697 cessabit
674 640 797 698 effeetus.
811 642 842 696 in
860 652 957 712 quarto
974 639 1051 712 capi·
1101 643 1169 700 stus,
1184 634 1298 689 salutem
1313 641 1342 687 et
1368 644 1429 687 cum
1447 628 1521 686 omni
1535 627 1690 686 reverentia
1713 627 1806 684 filialis
1826 627 1899 684 dile-

226 783 230 790 .
260 731 320 786 tulo
344 731 489 787 admiraris
511 746 560 787 cnr
588 733 641 788 lroc
665 731 713 788 tlbi
739 742 854 802 negetur
873 733 945 802 quod
961 731 1050 803 legato
1102 726 1228 782 lectionis
1243 723 1381 778 affectum.

261 832 356 879 nostro
370 833 397 879 et
410 824 553 895 legationis
575 832 697 894 tempore
720 821 797 878 licuit
810 823 983 894 patriarcba.
997 822 1052 880 Nes
1138 815 1272 870 Dilectum
1285 827 1318 868 ae
1329 809 1490 866 familiarem
1503 815 1625 865 nostrum
1638 805 1802 872 Waterum,
1815 819 1899 859 vene-

262 921 356 972 auferu
375 929 410 970 es
431 915 484 971 ιιοι
507 915 626 985 capitulo
654 916 820 971 admiramur
835 916 968 986 amplius;
994 923 1052 970 tum
1103 906 1215 964 rabilem
1241 904 1450 976 Aquilcgensem
1474 900 1658 972 patriarcham
1682 907 1710 952 et
1732 897 1898 967 praecipuum

262 1007 416 1077 quiasuper
426 1007 474 1060 tali
495 1006 632 1077 legatione
648 1020 674 1064 ιι
691 1024 745 1064 non
759 1009 851 1064 decuit
870 1007 951 1062 alicui
969 1023 1053 1062 aerrvu-
1103 999 1208 1070 imperii
1220 996 1444 1067 principern,uua
1456 1007 1562 1064 quoque
1577 989 1710 1060 cumipse
1722 989 1790 1044 alios
1804 988 1900 1044 fideles

262 1095 325 1161 lari,
338 1110 389 1152 uec
404 1096 482 1152 nobis
500 1097 581 1152 tacite
595 1098 727 1154 insultare
752 1099 824 1169 quod
849 1097 929 1153 talem
943 1097 1053 1167 praeelc-
1103 1107 1135 1146 ac
1150 1089 1296 1145 familiares
1311 1097 1417 1146 nostrus
1427 1086 1461 1142 G.
1479 1084 1672 1156 burgeravium
1687 1081 1902 1153 llagdeburgen·

262 1186 353 1256 gimus
367 1188 395 1241 in
410 1187 462 1243 lrac
479 1187 614 1259 legatione
636 1203 791 1260 personam.
811 1187 889 1243 Novit
911 1188 984 1243 enim
1009 1187 1054 1242 ille
1104 1197 1174 1246 sena,
1198 1179 1345 1235 ilenricum
1368 1179 1402 1234 de
1429 1175 1599 1234 Smalineclvt
1625 1184 1653 1230 et
1677 1173 1842 1229 Eribardum
1865 1171 1901 1228 de

263 1278 309 1348 qul
337 1278 405 1334 nibil
430 1279 538 1350 ignorat
561 1282 634 1352 qnod
650 1297 700 1335 nos
722 1283 950 1352 proposueramus
974 1289 1000 1334 te
1014 1278 1053 1333 illi
1104 1273 1189 1328 Lurra
1201 1270 1373 1343 praesentium
1385 1266 1613 1330 latores,alatere
1626 1275 1718 1321 nostro
1728 1265 1763 1320 ad
1779 1269 1899 1319 uestram

263 1366 395 1440 collegam
410 1368 568 1441 adjrtngerc.
581 1370 634 1425 Sed
648 1371 711 1441 quia
728 1370 828 1442 legatio
842 1386 896 1426 nun
909 1371 1053 1426 ridebatur
1106 1363 1302 1420 destinavimus
1321 1361 1509 1425 sanctitatem,
1521 1358 1620 1429 quibus
1635 1357 1757 1412 dedimus
1776 1355 1902 1426 plenitu-

263 1471 415 1516 ntemoratu
437 1461 554 1532 principi
575 1461 743 1526 favorabilis,
756 1462 807 1516 uisi
834 1469 968 1531 quatenus
990 1475 1055 1529 pro·
1106 1457 1197 1512 dinem
1215 1454 1357 1526 potestatis
1367 1464 1395 1508 ιι
1410 1452 1601 1506 auctoritatem
1626 1449 1807 1504 omnimodam
1822 1447 1901 1500 inter

264 1560 326 1620 pter
338 1550 443 1620 aliquos
461 1553 630 1608 roborandus
645 1562 673 1608 et
692 1552 760 1606 alios
782 1551 959 1607 infirmandos
972 1551 1056 1606 simu·
1106 1547 1257 1604 Ecclesiam
1272 1555 1299 1600 et
1316 1544 1458 1614 imperium
1475 1551 1504 1597 ιι
1527 1543 1598 1612 ιιιιιι
1620 1553 1668 1595 vos
1691 1549 1719 1593 et
1736 1553 1784 1592 aros
1798 1550 1899 1605 paeetn

268 1641 365 1696 fatorie
377 1641 510 1712 gloriatur
525 1643 597 1711 quod
614 1657 663 1700 nos
680 1643 842 1714 legationem
863 1644 1002 1698 mittamus
1021 1643 1056 1698 ael
1106 1648 1134 1694 et
1148 1637 1323 1694 concordiam
1348 1634 1507 1698 reformare,
1530 1640 1558 1686 ιι
1583 1629 1760 1700 periculosam
1780 1627 1857 1694 regni
1870 1634 1902 1681 et

266 1731 365 1800 ipsum,
382 1740 411 1784 ut
432 1731 467 1785 ab
491 1745 526 1786 eu
548 1745 608 1801 quae
624 1735 697 1803 pacis
720 1743 785 1788 surat
805 1733 987 1803 requiramus,
1001 1750 1054 1789 non
1107 1729 1252 1786 sacerdotii
1275 1729 1419 1782 scissuram
1443 1724 1557 1779 feliciter
1573 1730 1737 1776 restaurare.
1754 1717 1903 1773 Praedictos

267 1820 435 1877 detrabeudo
456 1822 515 1888 tibi,
532 1825 579 1879 sed
597 1823 772 1894 providendo,
789 1823 944 1892 hvrjusmedi
959 1839 1057 1894 propo-
1072 1833 1093 1889 Β
1109 1824 1199 1894 itaque
1215 1821 1335 1884 nuntios,
1355 1833 1424 1888 quos
1442 1816 1474 1870 ad
1491 1825 1545 1870 taut
1568 1813 1706 1869 excellens
1722 1810 1822 1865 factum
1841 1809 1901 1862 ido·

267 1911 349 1966 situm
364 1913 529 1970 mutavimus
541 1915 575 1969 ad
592 1915 737 1970 cautelam.
756 1914 789 1969 Et
802 1915 825 1970 si
847 1917 992 1984 praedictus
1007 1929 1058 1987 pa·
1109 1927 1174 1969 neos
1199 1909 1392 1982 reputavimus,
1414 1907 1446 1961 ad
1467 1921 1515 1961 vos
1535 1903 1695 1960 accedentes
1716 1917 1731 1956 a
1755 1909 1845 1955 vestra
1859 1899 1902 1954 lvi·

267 2002 402 2069 triareba,
416 2018 495 2074 quem
506 2013 532 2059 tu
547 2004 664 2076 legatum
681 2017 803 2062 nostrum
818 2007 949 2077 appellas,
962 2017 1057 2062 contra
1108 2008 1202 2064 laritcr
1223 2006 1389 2079 postulamus
1414 2002 1496 2073 recipi
1517 2001 1695 2070 paternitate
1720 2008 1847 2074 rogantes
1862 2005 1904 2050 at·

266 2094 385 2162 primurn
405 2105 432 2150 et
457 2097 606 2167 principale
626 2099 794 2168 propositum
819 2108 943 2154 nostrum
956 2098 1058 2169 aliquid
1110 2101 1211 2154 tentius
1221 2107 1249 2153 et
1262 2103 1467 2152 commonentes
1480 2100 1614 2163 quatenus
1634 2090 1761 2145 orvarribus
1783 2087 1825 2141 bis
1844 2099 1904 2154 quae

268 2186 333 2255 egit,
347 2187 374 2243 id
389 2201 422 2242 ιι
447 2199 540 2243 nostra
564 2188 615 2244 sibi
639 2192 817 2245 concessione
838 2205 892 2246 nen
912 2190 999 2254 licerit,
1011 2189 1059 2246 sed
1110 2205 1142 2246 ιι
1155 2197 1233 2261 parte
1248 2198 1340 2244 uestra
1352 2186 1502 2258 prudentia
1514 2193 1609 2238 vestrae
1623 2178 1810 2235 intimaverint
1825 2176 1903 2230 fidem

268 2277 336 2334 illud
349 2293 381 2333 ex
397 2293 445 2334 srva
459 2280 612 2334 temeritate
623 2279 737 2335 forsitan
752 2281 905 2336 attentarit.
914 2279 954 2335 Es
965 2279 1060 2350 quintu
1110 2294 1138 2339 ιι
1150 2281 1341 2339 certitudinem
1357 2277 1504 2350 dignemini
1519 2275 1659 2330 adbibere.
1675 2271 1728 2343 ipsi
1741 2271 1815 2326 enim
1827 2283 1843 2323 a
1856 2282 1905 2323 no·

269 2385 336 2428 vero
345 2371 470 2444 capitulo,
479 2388 534 2442 quo
547 2373 639 2428 dixisti
654 2373 726 2442 equod
738 2373 794 2428 laec
804 2372 927 2443 crernpla
936 2381 963 2428 et
975 2373 1058 2428 multa
1111 2385 1166 2431 stra
1182 2375 1347 2430 sublimitate
1358 2373 1402 2428 tali
1419 2369 1498 2426 niodo
1510 2379 1537 2424 ct
1549 2384 1582 2423 eo
1603 2367 1655 2420 tiras
1670 2377 1820 2430 recessere,
1833 2360 1905 2432 quod

270 2462 370 2518 similia
378 2479 438 2534 quae
446 2464 473 2520 in
482 2464 654 2536 tuaquotidie
663 2465 937 2535 legrrnturpraesentia
947 2465 1062 2521 suadere
1112 2477 1288 2524 sacrosancta
1305 2465 1428 2522 Roruaua
1444 2463 1564 2518 Ecclesia
1580 2473 1687 2527 semper
1701 2457 1728 2510 in
1743 2456 1823 2510 nobis
1846 2463 1907 2508 tan·

272 2553 321 2608 tibi
338 2567 391 2610 nun
404 2566 517 2625 possunt
530 2571 580 2612 nec
591 2565 717 2626 poterunt
735 2566 868 2612 utrnanus
883 2567 936 2612 tuae
947 2557 980 2611 ad
994 2558 1020 2612 id
1032 2573 1062 2614 se
1112 2575 1193 2630 quam
1214 2568 1301 2613 ιιιιιιιι
1319 2556 1345 2610 in
1366 2555 1422 2610 filio
1441 2553 1578 2609 sinceram
1595 2550 1768 2606 dilectionem
1783 2554 1811 2602 ct
1828 2545 1906 2600 debi-

270 2642 355 2698 velint
377 2647 614 2714 ostenderequod
645 2655 738 2701 nostra
759 2645 799 2701 eis
824 2646 988 2716 induigentia
1008 2661 1061 2702 nun
1114 2660 1169 2704 tarn
1190 2649 1309 2706 inveniet
1332 2645 1514 2712 devotionem,
1531 2644 1594 2698 dum
1611 2651 1702 2696 tamen
1730 2654 1780 2694 nos
1802 2636 1860 2704 ejus
1880 2645 1908 2691 et

272 2733 420 2800 concessit,
440 2735 590 2804 gratiarum
606 2735 654 2789 tibi
677 2734 819 2790 referimus
832 2738 963 2801 actiones,
985 2752 1062 2792 cena·
1113 2748 1233 2794 vestrum
1247 2735 1391 2808 aliquando
1407 2735 1555 2790 sentiamus
1579 2729 1717 2786 aflectum.
1730 2728 1908 2795 Quaecunque

272 2820 433 2877 m⁸⁰d³¹¹¹0⁸
456 2823 483 2876 ¹¹¹
504 2831 530 2877 *θ
548 2821 737 2893 illudendam,
750 2823 967 2892 def⁰¹5⁰¹l0m201
982 2824 1062 2880 fldem
1114 2833 1195 2888 etiam
1211 2827 1317 2901 prefati
1341 2825 1430 2881 nuntii
1452 2823 1538 2879 nostri
1559 2835 1609 2892 pro
1625 2819 1702 2874 nobis
1716 2816 1831 2889 polliciti
1849 2815 1908 2868 five·

273 2913 346 2983 quod
356 2911 490 2968 nullorum
505 2914 553 2971 tibi
578 2914 709 2986 cxcnvplis
734 2915 891 2985 persuaderi
909 2924 997 2987 potest
1017 2928 1065 2973 aut
1115 2923 1180 2989 rint,
1195 2935 1224 2976 ιιι
1237 2921 1365 2976 flemene
1385 2915 1513 2974 Ecclesiae
1527 2909 1744 2970 benevolentiam
1760 2907 1909 2963 babeamus

273 3009 376 3080 poterit
387 3011 459 3079 quud
473 3024 570 3065 manus
584 3018 645 3066 tuas
658 3011 725 3066 selis
746 3011 891 3067 extendere
902 3013 936 3066 ad
954 3013 980 3067 id
993 3014 1064 3082 quod
1115 3024 1143 3071 et
1158 3015 1290 3079 favorem,
1304 3027 1353 3067 aros
1373 3009 1460 3081 parati
1488 3021 1581 3063 sumus
1597 3009 1739 3076 gratanter
1758 3000 1852 3056 eadem
1868 2997 1909 3051 al-

273 3099 323 3156 tibi
338 3114 391 3155 non
406 3101 491 3157 sites
510 3100 677 3173 indulgentia
690 3110 782 3159 nostra
805 3117 975 3158 concessum.
989 3101 1063 3158 Prae-
1118 3103 1188 3160 fectu
1203 3111 1385 3173 prosequente
1412 3098 1549 3169 complere
1567 3103 1595 3149 et
1614 3097 1735 3164 ipsorum
1758 3091 1910 3146 ordinatio-

274 3190 423 3257 fcrsenim,
434 3199 464 3247 ut
475 3191 567 3259 debes,
583 3193 734 3263 spiritualia
748 3194 954 3263 temporalibus,
961 3203 988 3249 et
1002 3197 1066 3252 sub·
1079 3163 1100 3221 c
1118 3212 1179 3255 nem
1197 3195 1345 3267 peremnia
1366 3201 1465 3253 'ratam
1484 3192 1586 3245 babere
1600 3200 1627 3244 et
1642 3188 1844 3243 inconcussam.

1477 3280 1556 3337 Cllbl

1119 3395 1256 3437 natusests
1267 3393 1321 3435 rttt
1333 3388 1543 3433 EGCLESle'l'lClS
1552 3386 1624 3437 (idib
1637 3382 1822 3427 SAECllbssllBllS
1836 3380 1911 3421 ebrit*

1369 3482 1471 3525 ctetbds
1491 3478 1661 3521 albentibus.

273 3279 335 3349 iicis
351 3281 469 3337 bumana
483 3283 593 3350 divinis,
606 3285 735 3354 optimam
754 3295 859 3355 partein
873 3283 987 3357 eligens,
1006 3301 1067 3357 quae

275 3386 329 3428 non
355 3371 523 3429 auferetura
539 3382 576 3430 te.
594 3373 708 3445 Oportet
721 3386 811 3432 taruen
834 3392 884 3433 nos
907 3376 1006 3446 aliquid
1018 3393 1067 3448 per

276 3463 448 3534 antiphoram
473 3467 638 3536 respendere
658 3477 770 3538 propter
787 3467 814 3524 id
837 3470 908 3539 quod
923 3471 956 3525 de
974 3469 1068 3525 rnvvltis

276 3554 409 3624 exemplis
427 3563 539 3626 tangere
562 3558 682 3625 voluisti,
707 3569 836 3631 tanquam
856 3561 921 3615 illud
945 3562 1016 3632 quod
1033 3562 1068 3617 de

276 3642 504 3717 Pabembergeusi
527 3648 653 3720 episcopo
670 3651 783 3707 fecimus
803 3652 868 3708 velis
883 3652 1016 3709 deducere
1040 3654 1068 3707 iu

277 3734 432 3806 exemplum
447 3736 514 3810 (bi).
530 3737 583 3795 Sed
599 3741 626 3795 in
641 3742 757 3797 veritate
767 3757 915 3810 cognoscas
927 3743 999 3813 quod
1014 3758 1068 3799 non

1154 3563 1195 3619 ud
1212 3562 1406 3634 designandam
1428 3558 1541 3613 unitatis
1563 3553 1738 3611 concordiam
1754 3560 1782 3606 et
1798 3563 1910 3605 concur·

1120 3654 1170 3709 diae
1186 3654 1390 3723 unitatemque
1405 3652 1476 3706 iuter
1491 3663 1603 3720 reguum
1616 3655 1644 3701 et
1654 3642 1836 3701 sacerdotium
1852 3655 1910 3695 esse

1121 3746 1219 3809 debet,
1236 3744 1353 3815 Moyses,
1379 3742 1405 3796 in
1426 3740 1510 3795 veteri
1523 3738 1590 3809 lege,
1607 3750 1718 3807 regnum
1742 3730 1911 3787 sacerdotale

278 3822 436 3881 remisimus
463 3826 501 3882 ιιιι
517 3843 626 3899 poenam
648 3829 701 3885 nisi
723 3839 866 3901 postquam
889 3830 1023 3887 satisfecit
1036 3832 1070 3887 de
1120 3837 1256 3911 paedixit,
1267 3834 1413 3902 etPetrus,
1426 3834 1452 3888 in
1470 3847 1551 3897 nova,
1565 3830 1655 3901 regale
1670 3824 1855 3883 sacerdotium
1866 3839 1911 3893 ap-

278 3910 369 3983 eulpe.
388 3914 672 3990 Namplusobligavit
689 3936 719 3977 se
740 3923 1070 3993 postruodumquamne·
1122 3928 1241 4000 pellavit.
1270 3926 1401 3981 lfcdiator
1427 3940 1535 3996 quoque
1560 3922 1607 3979 bei
1630 3930 1657 3978 et
1677 3922 1819 3977 bominum
1843 3916 1912 3973 [leus

280 4004 356 4075 gavit
364 4007 493 4075 primum.
505 4008 558 4065 Sed
571 4011 725 4069 mandatum
738 4013 829 4069 facere
839 4013 889 4069 sibi
904 4014 1070 4083 distulimus,
1121 4018 1202 4074 laumo
1220 4016 1434 4073 leristusiesus
1447 4031 1495 4086 per
1516 4022 1661 4083 assumptae
1678 4012 1768 4067 carnis
1781 4010 1910 4079 originem
1982 4054 1986 4061 .

281 4110 347 4151 cum
365 4097 393 4154 ιιι
408 4101 531 4169 proximo
555 4102 652 4159 debeat
668 4114 760 4162 uestro
779 4122 808 4162 se
833 4108 988 4178 conspectui
1002 4122 1071 4178 prae-
1122 4110 1156 4164 ιιι
1171 4109 1253 4179 regali
1280 4108 1361 4163 sinrul
1388 4117 1416 4161 et
1435 4105 1597 4163 sacerdotali
1621 4105 1706 4175 stirpe
1722 4102 1857 4175 processit
1871 4115 1912 4155 se·

281 4197 402 4257 seutere,
416 4192 526 4261 pallium
537 4202 564 4249 et
577 4196 746 4267 privilegium
765 4210 931 4271 recepturus.
947 4200 987 4255 Ex
1002 4215 1072 4270 prte-
1123 4201 1240 4268 erundum
1254 4200 1375 4255 ordinem
1388 4197 1599 4263 llelcbisedecb,
1613 4199 1640 4252 in
1660 4205 1795 4251 aeternum
1807 4206 1856 4247 rex
1868 4206 1913 4255 pa-

283 4279 365 4335 dietis
381 4282 473 4351 itaque
492 4283 572 4353 plene
594 4299 671 4356 potes
686 4298 714 4343 et
733 4286 813 4358 plane
835 4299 955 4345 nostram
971 4307 1072 4362 cogno·
1123 4288 1190 4349 riter
1201 4301 1228 4348 ct
1244 4290 1382 4355 sacerdos,
1397 4290 1455 4359 qui,
1471 4289 1618 4345 seeundum
1634 4286 1798 4355 apostolum,
1810 4281 1912 4337 assimi-

283 4386 361 4427 scere
371 4372 539 4431 voluntatem
554 4386 581 4433 et
601 4375 753 4449 intelligere
769 4381 832 4449 quid
858 4396 940 4450 agere
959 4384 1071 4451 debeas,
1124 4386 1195 4442 latus
1211 4401 1259 4457 per
1280 4386 1371 4440 anania
1383 4383 1430 4440 fici
1458 4384 1536 4449 ιἰιιι,
1561 4397 1608 4437 rex
1630 4377 1721 4434 Salem
1739 4386 1769 4431 et
1787 4375 1913 4429 sacerdos

283 4460 350 4531 quid
365 4461 461 4519 vitare.
476 4463 565 4521 l‘euas
577 4465 659 4537 igitur
670 4479 853 4537 semperaute
865 4470 957 4526 oculos
973 4473 1073 4528 mentis
1088 4492 1111 4548 p
1125 4474 1255 4530 ditissimi
1279 4473 1378 4544 legitur
1405 4474 1552 4530 exstitisse.
1570 4470 1602 4526 lli
1627 4479 1691 4525 sunt
1713 4466 1840 4538 equidem
1863 4462 1913 4515 duo

283 4553 416 4623 tuequod
424 4556 637 4625 predecessores
651 4560 689 4615 tui
698 4558 925 4632 Salzeburgeuses
940 4562 1075 4633 arcbiepi·

283 4642 360 4714 scopi
377 4644 561 4714 predicantur
574 4648 658 4706 fuisse
672 4652 724 4706 viri
738 4651 868 4723 religiosi,
881 4652 998 4718 bonesti,
1010 4670 1074 4725 pro·

282 4736 353 4804 vidi,
368 4738 471 4804 fideles,
486 4754 598 4797 veraces
621 4751 649 4798 ct
676 4743 771 4809 fortes,
798 4754 827 4799 ut
850 4759 945 4801 corum
962 4747 1074 4819 vestigia

285 4828 401 4886 imiteris
425 4833 453 4888 in
476 4835 573 4890 merito
589 4835 688 4906 quibos
704 4836 731 4892 in
752 4836 839 4892 officio
862 4839 1028 4894 successisti.
1045 4838 1074 4895 Si

284 4937 352 4981 vero
362 4940 411 4997 pro
422 4940 488 4997 paee
502 4928 607 5002 imperii
619 4932 700 5002 aliqui
714 4931 813 4989 fuerint
826 4934 858 4989 ad
872 4944 992 4990 nostram
1003 4951 1073 5003 praa·

286 5022 402 5077 sentiam
415 5024 579 5095 destinandi,
600 5036 707 5098 gratum
727 5030 806 5086 nubis
819 5029 919 5085 existet
933 5030 956 5085 si
972 5040 998 5083 tu
1013 5044 1076 5085 cum

285 5112 328 5168 cis
339 5110 423 5168 fueris
437 5115 600 5173 destinatus.

322 5207 430 5279 batum,
444 5216 496 5267 etc.

648 5347 726 5404 Glib.

441 5474 566 5515 urracae
585 5474 698 5515 ιιιιιιιιι
717 5474 794 5516 oucrs
812 5472 925 5517 suerin.

325 5570 484 5628 Reverendo
497 5574 524 5627 lu
535 5570 643 5630 Gbristo
653 5572 726 5630 Patri
735 5574 845 5656 demitto
856 5574 1028 5637 innocmno,
1039 5584 1083 5625 aa·

1126 4565 1219 4637 gladii,
1234 4566 1267 4621 de
1282 4565 1380 4635 quibus
1402 4562 1530 4619 nortvinus
1543 4561 1610 4617 satis
1622 4574 1682 4615 esse
1697 4550 1913 4626 responditllec

1126 4666 1190 4713 survt
1202 4658 1261 4711 doec
1272 4658 1403 4727 speciosae
1418 4656 1549 4711 eolvrrnnaa
1565 4654 1593 4708 iu
1614 4650 1705 4720 templi
1729 4647 1836 4718 porticu
1853 4658 1913 4697 eorr-

1127 4750 1239 4813 stitutae,
1253 4762 1321 4818 quas
1336 4747 1420 4802 ambit
1433 4748 1504 4801 linea
1520 4744 1660 4801 duodecim
1674 4739 1841 4796 cubitorum.
1855 4732 1914 4787 llaec

1126 4850 1191 4898 stant
1207 4841 1234 4896 ιιι
1249 4842 1421 4897 firmamento
1436 4839 1496 4894 emti
1511 4835 1656 4891 luminaria
1672 4833 1725 4888 due
1740 4844 1850 4899 inagna,
1859 4841 1915 4897 que

1128 4932 1185 4987 srvis
1201 4931 1303 4985 vicibus
1315 4931 1384 4985 diem
1396 4939 1424 4985 ct
1438 4938 1545 4983 noctem
1557 4919 1915 4987 illustrantsidelieetpun·

1129 5021 1236 5078 tifrcalis
1261 5021 1410 5077 auctoritas
1426 5030 1454 5075 et
1478 5017 1576 5088 regalis
1590 5022 1727 5086 potcstas3
1744 5025 1806 5081 quae
1820 5010 1844 5065 si
1855 5023 1917 5066 eon·

1129 5112 1205 5169 cordi
1228 5110 1329 5167 laverint
1347 5110 1465 5165 amicitia
1482 5120 1508 5164 et
1522 5108 1609 5163 amica
1629 5103 1775 5162 cuncordia
1794 5101 1916 5162 munita,

1129 5203 1251 5275 profecto
1268 5202 1307 5258 sol
1324 5208 1352 5256 ιι
1372 5198 1435 5254 lerna
1454 5199 1481 5253 iu
1495 5200 1591 5254 ordine
1613 5210 1662 5252 suu
1675 5192 1795 5249 stabunt.
1812 5188 1917 5245 Utinam

1131 5306 1232 5362 atatem,
1244 5296 1315 5351 sieut
1328 5306 1370 5352 est
1383 5306 1471 5359 vetus,
1488 5292 1529 5347 sic
1541 5296 1614 5345 esset
1635 5277 1787 5342 inveterata
1802 5278 1919 5335 scissura

1130 5404 1190 5458 quae
1203 5398 1257 5443 tam
1272 5389 1298 5443 iu
1322 5386 1475 5445 sacerdotio
1496 5398 1578 5453 quam
1593 5380 1620 5436 iu
1636 5392 1730 5447 regno,
1747 5384 1776 5429 ct
1799 5374 1827 5429 iu
1840 5384 1919 5440 reguo

1131 5479 1210 5533 sirnrd
1227 5494 1259 5535 ac
1273 5479 1428 5535 sacerdotio
1438 5478 1595 5546 frequenter
1609 5470 1708 5535 euenit,
1723 5467 1795 5523 sicut
1809 5478 1863 5519 nou
1878 5476 1920 5516 su·

1131 5570 1186 5625 lum
1213 5572 1359 5641 veteribus,
1385 5570 1431 5629 sed
1453 5578 1482 5627 et,
1498 5568 1575 5625 novis
1600 5564 1756 5621 declaratur
1779 5554 1920 5627 exemplis.

329 5752 387 5830 (ιι)
404 5756 471 5819 fide
483 5757 554 5820 iufra
571 5757 650 5831 epist.
664 5753 726 5829 ιιι,
739 5765 768 5813 ιι
782 5754 829 5814 lib.
853 5770 902 5825 ιιιι,
917 5758 996 5825 epist.
1010 5750 1061 5811 itt
1075 5758 1102 5809 ct
1115 5764 1191 5831 seqq
