4109 6325
152 271 206 329 229

151 472 268 528 mittatis
282 470 505 541 archiepiscopos
527 468 568 523 uel
589 468 731 539 episcopos
748 468 819 539 juris
841 468 944 541 aliquid

151 564 272 621 indebite
295 576 440 631 usurpare,
459 562 590 617 facientes
610 562 645 616 ab
670 561 711 617 eis
729 561 898 618 charissime
918 562 945 617 in

149 656 261 729 Cirristo
276 654 338 710 filias
359 653 452 708 hieriae
477 652 614 722 quondam
632 650 945 723 Constantinopolitonae

149 743 317 815 imperatrici
338 742 447 809 illustri,
460 742 639 812 procuratrici
654 742 729 813 regui
743 742 879 813 praedicti,
895 743 946 799 ho-

150 834 351 893 norificentiam
371 834 491 890 debitam
514 832 649 899 exhiberi,
669 834 885 889 contradictores
898 848 945 905 ap·

150 928 296 999 peliatione
312 934 416 983 rentota
429 940 543 983 censura
566 925 750 982 ecclesiastiea
771 940 946 999 compresseru-

151 1030 203 1076 tes.
215 1018 245 1074 Si
260 1019 323 1089 quis
334 1026 427 1073 autem
440 1017 706 1089 archiepiscoporum
719 1019 821 1089 aliquid
834 1018 904 1089 juris
917 1020 944 1075 in

150 1113 192 1169 cis
204 1112 257 1169 sibi
276 1110 417 1167 uindicare
431 1111 611 1177 contenderit,
628 1126 704 1167 suam
719 1126 767 1181 per
779 1126 829 1169 nos
843 1114 945 1183 poterit

147 1207 284 1277 justitiam
307 1205 444 1262 obtinere.
459 1204 534 1274 Qrsod
558 1205 580 1260 si
604 1220 656 1261 non
677 1219 807 1262 enarres...
822 1209 875 1263 duo
900 1222 945 1263 re·

151 1308 252 1363 stetim,
264 1306 320 1353 ele.

185 1391 282 1447 ilatum
298 1389 440 1457 Laterani,
455 1404 482 1443 tr
496 1388 555 1445 ilai.
571 1389 667 1463 April„
682 1400 737 1447 eto.

521 1501 578 1557 itt.

497 1610 605 1650 cusona.

228 1686 267 1743 De
277 1688 398 1744 comedin
413 1691 630 1744 morrnatcriorum
646 1686 744 1744 horulis
759 1688 861 1746 Sancti.

313 1782 421 1850 (ilatum
434 1780 570 1846 Laterani,
586 1796 616 1836 ut
630 1780 689 1837 ilat.
704 1780 783 1851 Apr.)

189 1874 260 1931 fluru
280 1876 392 1930 dilectus
412 1872 482 1928 filiius
498 1872 659 1953 berredictus
679 1872 748 1929 tituli
765 1873 872 1931 Sanctae
892 1874 943 1931 Su·

150 1982 249 2023 saraae
270 1966 409 2039 presbyter
426 1964 584 2029 cardinalis,
602 1974 666 2022 tuuc
692 1966 849 2038 apostolicas
870 1967 943 2023 sedis

149 2058 272 2129 legatus,
284 2057 449 2114 Sebastiensi
464 2058 591 2128 episcopo
605 2056 682 2112 salvo
701 2057 828 2114 mandato
849 2068 943 2114 nostro

148 2148 302 2203 custodiam
324 2148 549 2204 monasteriorum
575 2146 673 2205 lfoutis
690 2149 794 2215 sartcti,
820 2164 881 2221 qttae
906 2152 941 2207 ad

149 2239 243 2296 sedeur
259 2238 436 2308 apostolicam
461 2239 618 2296 immediate
641 2241 781 2310 pertinere
804 2242 941 2309 dicuutur,

151 2330 259 2386 drrxerit
269 2330 504 2396 committendam,
519 2340 547 2387 et
561 2330 619 2401 ipse
631 2331 676 2386 illa
689 2331 877 2405 multipliciter
893 2349 942 2407 ap-

150 2423 283 2495 grararit,
305 2438 407 2494 easque
431 2424 584 2479 committat
605 2425 792 2491 etrormitates‚
811 2440 872 2497 quac
888 2442 943 2483 nou

151 2527 215 2573 snut
225 2515 313 2589 dianae
329 2518 427 2584 relatu,
440 2514 605 2573 fraternitati
617 2526 713 2573 uestrae
730 2534 778 2589 per
791 2520 942 2590 apostolica

151 2608 254 2680 scripta
275 2608 457 2681 precipiendo
478 2610 638 2667 mandamus
658 2620 792 2679 quatenns
815 2612 903 2683 ipsust
927 2629 942 2671 a

149 2700 274 2757 custodia
287 2700 513 2757 monasteriorum
525 2701 644 2771 ipsorum
658 2702 766 2773 penitus
775 2712 942 2773 amoventes,

150 2791 211 2862 ipsa
224 2792 390 2848 monasteria
403 2807 465 2848 cusu
481 2791 595 2848 consilio
608 2794 778 2849 charissimae
792 2794 818 2851 in
834 2795 942 2853 Cirristo

151 2883 214 2939 filiae
238 2893 340 2939 nostrae
362 2881 455 2938 liariae
477 2884 614 2954 quondam
633 2882 943 2957 Constantinopolitanae

152 2975 335 3047 imperatricis
360 2974 490 3040 illustris,
511 2990 572 3046 que
591 2974 844 3037 Thessalonicensis
866 2980 941 3049 repul

614 264 865 325 soritiitcutiis
882 266 979 325 tutio
999 264 1070 337 iiiii,
1084 267 1223 327 ctiitistt
1243 270 1324 327 tabu.

150 380 288 455 episcopis
299 381 341 439 rcl
353 380 490 451 episcopis
505 378 625 447 subjecta
640 394 693 433 nou
708 388 797 445 erant,
814 394 867 437 non
884 388 982 451 per-A

1731 280 1786 341 23⁰

1352 382 1430 439 xttt.

1325 488 1468 529 srsbntt.

997 557 1033 615 Ut
1062 560 1273 634 arcfrfeplacopus
1295 562 1451 620 Lorisserrus
1474 566 1583 622 desistat
1605 570 1638 623 nh
1665 572 1789 631 indebitis

1293 636 1484 694 exustionibus.

1190 724 1342 796 (Laterani,
1362 742 1380 781 ιι
1396 726 1455 786 Kal.
1471 729 1594 803 Aprilis.)

1031 816 1073 872 Ad
1088 816 1255 873 audientiam
1271 826 1391 871 nostram
1406 821 1537 877 tacueritis
1548 822 1703 891 peruenisse
1715 826 1789 895 quod

996 906 1159 961 uenerabilis
1173 906 1258 961 frater
1280 914 1374 960 noster
1385 907 1606 980 archiepiscopus
1626 911 1789 973 Larissenus

998 991 1155 1051 vessinensi
1177 1009 1212 1052 ac
1238 995 1410 1050 hemitriado
1426 998 1629 1069 episcopatibus
1654 1012 1682 1057 et
1695 1020 1790 1060 ruona·

996 1086 1087 1142 steriis
1104 1086 1197 1142 llellin
1210 1087 1347 1143 indebitas
1366 1088 1526 1143 exactiones
1550 1090 1703 1161 itupnuens,
1723 1095 1788 1165 ipsis

996 1176 1022 1232 iu
1038 1177 1099 1233 aliis
1123 1177 1269 1246 iniuriosus
1294 1178 1442 1248 plurimum
1469 1189 1497 1236 et
1525 1182 1657 1239 molestus
1685 1188 1788 1241 esis-tit.

995 1268 1127 1337 Quocirca
1141 1268 1303 1325 fraternitati
1322 1279 1420 1325 uestrae
1442 1286 1491 1340 per
1508 1274 1659 1343 apostolica
1685 1278 1788 1347 scripta

995 1360 1156 1415 mandamus
1182 1360 1253 1431 quod
1275 1361 1513 1433 archiepiscopum
1540 1375 1733 1433 urersroratutu,
1758 1376 1790 1423 ut

994 1450 1120 1507 debitoet
1132 1448 1332 1519 eonsuetojurc
1341 1460 1495 1517 contentos,
1510 1466 1544 1507 nc
1556 1451 1625 1507 nitra
1639 1452 1666 1508 id
1678 1454 1704 1510 in
1716 1470 1789 1526 prse-

994 1546 1058 1603 fatis
1077 1546 1280 1617 episcopatibus
1304 1545 1347 1602 sel
1376 1546 1551 1603 monasteriis
1571 1563 1704 1619 usurpare
1716 1564 1786 1621 prcc-

994 1648 1095 1705 sumat,
1108 1639 1143 1694 ab
1157 1653 1250 1693 coriam
1276 1637 1384 1708 irrjrrriis
1405 1647 1433 1693 et
1456 1638 1647 1696 molestatione
1668 1639 1790 1697 indebita

959 1740 980 1799 Β
995 1728 1103 1799 penitus
1121 1728 1328 1799 conquiescens,
1345 1727 1495 1784 monitione
1509 1731 1649 1799 premissa
1660 1745 1709 1800 per
1721 1747 1790 1789 ceo·

994 1836 1088 1877 suram
1101 1820 1316 1878 eeclesiasticam
1325 1821 1434 1876 snblato
1440 1820 1631 1891 appellationis
1644 1823 1788 1883 obstaculo

994 1912 1065 1969 sicut
1073 1914 1177 1984 justum
1191 1912 1285 1980 fauerit,
1302 1914 1490 1983 compescatis.

1031 2002 1127 2057 batum
1154 2002 1283 2059 Laterani
1300 2018 1318 2058 ιι
1336 2001 1397 2058 itai.
1421 2004 1531 2075 Aprilis,
1555 2020 1627 2061 anuo
1642 2005 1722 2061 tertio
1739 2007 1787 2061 de·

994 2094 1077 2151 citato.

1348 2184 1441 2242 iiLtti.

993 2294 1090 2336 sensu
1105 2294 1199 2336 ssucrt
1220 2294 1366 2343 asaaosu,
1386 2294 1421 2333 nr
1445 2294 1641 2336 tacutnrucnno
1655 2297 1786 2339 sentosa·

1344 2388 1434 2426 usust.

1113 2460 1150 2518 Ut
1167 2460 1287 2518 scissent
1298 2462 1467 2517 interdicturus
1481 2461 1666 2532 Pespnrueuse.

1200 2553 1352 2626 (Laterani,
1370 2552 1454 2609 Nonis
1467 2553 1593 2625 Aprilis.)

1028 2646 1082 2703 Per
1106 2647 1212 2703 litteras
1226 2646 1389 2703 venerabilis
1401 2645 1495 2701 fratris
1511 2647 1597 2703 nostri
1620 2646 1742 2717 episcopi
1758 2657 1789 2705 et

994 2739 1157 2797 dilectorum
1180 2739 1297 2795 bliorum
1314 2738 1426 2811 capituli
1442 2737 1634 2809 Pergamensis
1653 2740 1687 2794 ad
1707 2754 1788 2799 aures

995 2839 1104 2889 uestras
1133 2832 1258 2902 pervenit
1276 2832 1348 2904 qnod
1370 2846 1434 2890 curn
1459 2831 1557 2887 civitas
1586 2830 1788 2905 Pergamenus,

994 2937 1046 2992 pro
1065 2936 1098 2979 eo
1110 2924 1182 2994 qrtod
1194 2922 1389 2995 Pergamenses
1401 2923 1476 2978 ciues
1496 2922 1627 2979 ecelesias
1647 2933 1676 2980 et
1696 2925 1788 2981 eccie-

995 3013 1122 3070 siasticos
1146 3013 1221 3070 rinos
1244 3015 1373 3071 indebitis
1393 3013 1582 3070 exactionibus
1593 3025 1784 3087 aggravantes,

151 3071 257 3126 ¹³¹¹⁰¹¹⁰
278 3068 324 3124 “¹⁵⁵
347 3084 441 3125 cmm
464 3069 543 3138 ⁸⁰¹³¹t
566 3069 646 3125 aneni
671 3086 795 3142 ⁹⁶¹⁸⁰¹¹ae
818 3072 1085 3178 ‘¹¹⁸⁰‘ffiCannm
1102 3104 1387 3164 indebitaesersitotis
1410 3106 1477 3177 ipsis
1495 3107 1636 3179 imponere
1663 3107 1788 3165 niteban-

150 3163 315 3220 auctoritate
333 3170 425 3217 nostra
442 3175 526 3232 usque
541 3163 575 3218 ad
589 3163 734 3220 adveutum
755 3165 836 3236 iegati
855 3167 940 3222 nostri

150 3269 232 3326 quiem
245 3258 273 3310 in
295 3254 438 3322 imperium
449 3253 589 3310 Romanisc
601 3264 715 3312 attctore
734 3257 845 3314 domino
858 3259 942 3315 desti·

148 3366 217 3405 uarc
230 3350 418 3418 proponimus,
427 3348 612 3405 coturnitiatis.
621 3348 698 3416 Qatnd
710 3349 732 3405 si
745 3365 799 3406 nou
810 3364 941 3408 omnies...

150 3441 204 3495 duo
221 3447 352 3504 restrum.
366 3449 422 3496 etc.

186 3539 286 3592 [laium
304 3535 443 3602 Laterani,
461 3552 488 3592 ut
504 3535 562 3592 Kal.
579 3537 651 3608 April
668 3577 676 3601 ‚
691 3553 763 3592 annu
788 3539 869 3594 tertio
893 3539 941 3595 de·

146 3646 235 3686 crilifi.

514 3742 582 3800 itti.

251 3851 445 3894 rnaaomtsrtsr
463 3851 500 3892 er
518 3849 673 3891 utnnrcsusr
690 3849 833 3893 sntscnrts.

408 3932 449 3988 Dc
467 3931 589 3986 libertale
607 3933 680 3986 cleri.

308 4025 417 4095 (ilatum
431 4022 574 4087 Laterani,
589 4038 615 4077 rs
628 4023 688 4080 llal.
702 4025 783 4097 Ape.)

184 4117 282 4174 cicun
301 4115 457 4174 Greconrm
478 4117 729 4176 Thessalonicensis
743 4117 880 4181 dioecesis.
896 4119 941 4188 nui

994 3207 1040 3256 tur
1067 3199 1094 3256 in
1118 3200 1322 3273 derogationem
1353 3201 1546 3258 ecclesiasticae
1571 3202 1717 3269 libertatis,
1737 3202 1786 3260 diu

992 3293 1131 3364 supposita
1148 3293 1427 3350 fueritecclesiastico
1443 3295 1598 3363 interdicto,
1624 3302 1736 3364 propter
1747 3295 1791 3350 di·

995 3385 1123 3440 tinorum
1139 3385 1353 3443 subtractionem
1367 3387 1477 3456 cuidam
1491 3387 1676 3444 indevotiores
1685 3385 1788 3454 effecti,
1885 3440 1889 3450 .

995 3475 1113 3546 arrrplins
1123 3476 1286 3544 duruerunt,
1298 3486 1326 3533 et
1337 3490 1488 3536 sectatores
1499 3477 1636 3534 heretica
1644 3478 1788 3550 prauitatis

994 3568 1111 3624 faisasui
1121 3568 1223 3624 erroris
1241 3568 1367 3640 dogmata
1379 3570 1502 3626 liberiori
1514 3569 1606 3626 fronte
1621 3579 1788 3642 proponunt.

993 3657 1157 3726 corrrigitur
1172 3673 1258 3728 nuper
1274 3659 1372 3715 nobilis
1390 3660 1433 3715 sir
1449 3659 1641 3718 Lambcrtinus
1663 3670 1790 3734 potestas

993 3751 1114 3808 ciuitatis
1140 3749 1261 3819 ejusdcm
1286 3751 1501 3810 satisfactionem
1527 3768 1610 3824 super
1637 3754 1787 3826 premissis

992 3845 1121 3902 obtulerit
1145 3847 1361 3903 misericordiam
1387 3846 1570 3917 postulando,
1594 3847 1788 3918 etsupradictl

992 3939 1136 4010 episeopus
1160 3948 1189 3995 et
1212 3938 1362 4009 capitulum
1387 3939 1606 3998 satisfactionem
1633 3941 1789 4011 huiusmodi

993 4033 1114 4104 recipere
1137 4031 1389 4104 noluerintabenuc
1408 4042 1502 4090 nostra
1524 4034 1636 4091 licentia
1661 4036 1788 4107 speciali,

993 4123 1167 4194 praesentium
1185 4124 1263 4181 nohis
1283 4127 1453 4182 auctoritate
1477 4127 1641 4183 mandamus
1653 4130 1790 4198 qtsaoenus

149 4208 184 4262 ad
203 4207 387 4264 obedientiam
407 4217 588 4265 sacrosanctae
610 4208 741 4266 Romanae
763 4208 942 4266 ecciesieest
993 4217 1028 4272 ad
1057 4217 1197 4274 ciuitatem
1224 4215 1312 4288 ipsam
1343 4219 1526 4290 personaliter
1552 4219 1736 4287 accedentes,
1760 4227 1790 4275 ct

38 4363 43 4372 ε
150 4300 374 4368 reuersus,nnhis
386 4299 524 4358 humiliter
534 4300 695 4372 supplicarit
705 4309 842 4372 quatenus
854 4301 940 4372 ipsum
993 4305 1104 4364 eosdem
1128 4307 1203 4365 cives
1224 4307 1349 4366 sollicitis
1368 4309 1605 4367 exirortationibus
1626 4311 1789 4369 inducentes

148 4406 181 4448 ea
204 4392 331 4451 libertate
351 4409 434 4465 quam
456 4402 578 4468 tempore
600 4395 757 4452 Graeeomm
778 4395 941 4461 habuerant,
956 4395 1027 4477 „ad
1045 4396 1199 4452 concordie
1220 4397 1363 4465 unitatem,
1382 4414 1399 4454 a
1419 4399 1578 4471 supradicta
1599 4408 1735 4471 potestate
1756 4418 1790 4459 ac

148 4499 288 4556 quamque
317 4485 430 4543 dilectus
454 4487 525 4543 lilius
553 4487 717 4545 Benedictus
740 4487 809 4543 tituli
835 4486 941 4544 Sanctus
993 4486 1173 4556 ipsisciuibus
1185 4487 1413 4560 recipiatissuper
1423 4490 1562 4561 predictis
1572 4491 1788 4549 satisfactionem

149 4575 282 4634 suarna
294 4579 436 4650 presbyter
450 4579 605 4647 cardinalis,
619 4586 684 4635 tunc
701 4576 941 4650 apostolicaesedis
993 4577 1130 4644 idoneam,
1145 4588 1226 4651 prout
1249 4580 1374 4637 sideritis
1389 4582 1529 4654 expedire,
1546 4581 1701 4640 relaxantes
1713 4593 1789 4655 post·

147 4669 264 4742 legatus,
284 4669 350 4739 ipsis
372 4670 518 4736 concessit,
540 4670 691 4726 faceremus
717 4669 893 4739 gauderetne
907 4669 941 4726 ab
992 4670 1102 4724 modum
1114 4671 1278 4726 sententiam
1293 4672 1442 4738 interdicti,
1454 4684 1483 4731 et
1493 4685 1604 4744 propter
1613 4675 1666 4732 hoc
1676 4689 1788 4732 excom·

146 4761 274 4818 ecclesiis
292 4762 517 4818 sustentationem
530 4775 678 4834 congruam
693 4759 853 4816 ministrari.
868 4759 941 4829 Quo·
992 4759 1137 4817 munientis
1150 4760 1329 4817 absolutionis
1351 4760 1514 4818 beneficium
1528 4765 1727 4835 impendentes.

147 4855 223 4910 eirca
235 4853 401 4910 fraternitati
414 4863 512 4911 vestrae
526 4869 575 4926 per
591 4851 740 4923 apostolica
758 4853 860 4922 scripta
873 4866 939 4923 prae·
1027 4851 1123 4907 ilatum
1134 4851 1275 4918 Laterani,
1287 4851 1372 4910 Nonis
1385 4853 1496 4926 Aprilis,
1510 4856 1686 4928 pontificatus
1696 4858 1785 4916 nostrl

146 4946 273 5018 cipiendo
287 4947 449 5002 mandamus
467 4953 603 5017 quatenus
617 4959 665 5004 eos
683 4945 729 5015 qui
750 4944 784 5001 ad
809 4944 939 5002 obedien-
991 4959 1063 4999 arruo
1076 4944 1156 5000 tertio
1174 4943 1292 5000 dcciruo.

147 5039 214 5094 tiam
234 5037 310 5094 sedis
334 5038 491 5109 apostolicae
520 5039 660 5095 redierunt
682 5051 764 5108 super
785 5036 940 5107 hujusmodi
1338 5055 1430 5112 mv,

146 5128 275 5186 1111111111
289 5145 341 5185 11011
354 5130 519 5200 permittatis
535 5145 551 5186 ³
566 5143 703 5202 (1110111111
717 5127 835 5184 1111111111
851 5127 937 5183 1111111·
990 5161 1116 5205 rnrscoro
1131 5161 1313 5216 conuenisset,
1332 5162 1368 5204 su
1383 5165 1493 5206 sunonis
1510 5164 1612 5206 sonatis
1624 5166 1657 5208 tc
1669 5167 1703 5208 os
1722 5167 1785 5208 ana·

145 5224 224 5289 stari,
240 5221 480 5290 etmolestatores‚
499 5223 523 5280 si
542 5223 588 5295 qui
608 5221 719 5288 fuerint,
736 5234 785 5291 per
796 5233 939 5276 censuram
1098 5259 1186 5298 mm
1213 5257 1324 5300 „mm
1342 5258 1678 5304 conmmpopommss·

145 5314 362 5372 ecclesiasticam
381 5314 488 5370 sublato
506 5313 696 5387 appellationis
709 5313 850 5370 obstaculo
864 5327 940 5369 cum·
963 5373 968 5384 ,
1027 5329 1084 5390 pm
1105 5333 1392 5406 ,p„000„,1amp„09‚
1410 5335 1537 5391 mmm
1556 5337 1749 5405 passaranum,

145 5417 298 5476 pascentes,
319 5404 427 5464 faciatis
450 5405 551 5463 eisdem
576 5407 603 5461 in
628 5405 695 5462 ritae
717 5403 881 5462 necessariis
905 5405 939 5461 ab
1177 5425 1329 5498 (Lacerant,
1346 5427 1468 5484 „utana
1480 5428 1606 5500 apertae)

144 5497 373 5570 1311111111111111
394 5496 536 5556 1111111111θῦ
559 5499 680 5570 ll)sarum
703 5513 824 5570 ⁰⁰¹¹ssf¹¹0
848 5499 939 5568 puori·
1024 5515 1109 5573 Suam
1125 5515 1205 5574 nohis
1220 5515 1317 5573 dilecti
1336 5515 1384 5572 lilii
1398 5516 1716 5589 constantinopolitanus
1729 5520 1785 5579 cle·

144 5591 216 5647 deri·
990 5624 1037 5664 rus
1048 5609 1248 5681 querimoniam
1263 5609 1445 5678 destinarunt,
1458 5611 1532 5683 quod
1543 5626 1606 5667 com
1621 5613 1735 5671 decime
1750 5631 1785 5672 ac

180 5682 279 5740 Datum
290 5683 433 5752 [11111111.
453 5683 665 5753 1111111111111
682 5695 734 5740 ⁰¹0·
989 5705 1091 5764 ntriutc
1105 5707 1227 5771 tlccinrae,
1244 5722 1304 5768 une
1319 5709 1392 5766 inter
1413 5710 1487 5770 iosus
1501 5708 1584 5767 diuidi
1595 5707 1630 5765 de
1653 5707 1714 5773 lure
1739 5710 1787 5768 tls·
