4109 6325
130 347 201 408 stat
573 345 683 408 Pblttat
701 347 867 407 cottec't.
883 346 1079 407 bechorat.
1098 346 1304 408 trta‘oottrtvtt.
1687 366 1756 422 ttot

128 473 220 525 ratus.
231 462 368 532 possimos
390 462 442 534 ipsi
464 463 600 520 lauvlabile
625 465 811 521 testimoninm
824 465 917 536 perbi-
931 467 955 532 Α
969 462 1035 527 suit,
1055 471 1083 518 ct
1095 477 1155 517 eam
1167 464 1275 534 penitus
1288 478 1336 534 pcr
1351 472 1442 524 sortem
1459 471 1635 540 apostolicam
1654 477 1756 534 conhr-

127 555 205 620 bore,
222 553 413 624 illiusgnoqne
427 553 739 620 litterattncae‚ttcetnon
760 553 917 621 entirventis,
969 550 1050 616 avari,
1066 561 1229 620 praesentato
1250 554 1328 610 nobis
1350 558 1490 614 electionis
1512 560 1756 623 decretosubseri-

129 661 219 705 tamen
235 646 424 704 convenientis
437 647 549 714 existat,
565 655 594 702 ut
607 661 656 715 pro
670 645 777 702 delectu
798 645 919 702 scientiae
967 642 1105 710 ptionibus
1122 641 1283 712 eligentium
1299 645 1434 704 roborato.
1455 650 1569 717 Quidam
1593 662 1683 712 autern
1695 658 1757 713 sni·

129 738 214 808 (sicut
227 735 335 807 plenim
353 736 538 794 intelleximus
562 737 597 792 ab
618 736 662 792 his
676 736 722 805 qui
737 748 798 790 earn
820 735 938 792 melius.
967 729 1159 798 irnganeorum
1176 741 1282 789 tuorum
1298 774 1306 802 ,
1321 738 1393 804 quod
1412 753 1460 808 per
1482 739 1586 800 litteras
1603 753 1664 802 tuas
1682 748 1756 806 vide.

128 830 331 904 cognoverunt)
346 829 382 885 ab
393 829 529 886 electione
545 843 599 884 nnn
619 829 733 884 deberet
749 826 918 894 caclndi,de
967 820 1042 877 haris
1069 821 1184 879 obscure
1220 824 1418 896 aliquantulum
1445 829 1591 901 innuisse,
1620 850 1669 905 per
1692 853 1755 896 suas

127 924 250 996 legium
263 932 354 978 nmen
367 931 447 978 mle
462 923 541 992 plppp
555 921 627 977 gcioe
646 936 700 977 pipp
717 923 857 992 [potuimus
870 937 917 978 pe.
966 909 1071 967 litteras
1091 911 1117 967 ln
1143 913 1280 986 aliquibus
1291 929 1506 986 expresserunt,
1522 936 1678 983 asserentes
1691 941 1755 983 eum

126 1015 296 1080 rimtem,·de
308 1028 362 1083 otta
378 1027 430 1070 nee
449 1029 512 1077 vos,
526 1021 557 1066 nt
569 1013 739 1084 accepimus,
756 1013 860 1083 aliquio
871 1028 916 1070 co-
966 1001 1050 1057 lilium
1061 1003 1144 1060 inisse
1159 1005 1298 1076 cujusdam
1314 1009 1426 1076 militis,
1448 1020 1475 1066 ct
1489 1013 1523 1068 ab
1535 1029 1568 1070 eo
1581 1029 1615 1070 ex
1630 1017 1749 1088 quadam

126 1105 245 1176 gito-stis,
260 1119 323 1161 curn
338 1119 353 1158 a
370 1103 463 1160 ornitis
472 1102 548 1171 cujtrs
558 1103 648 1159 artatis
659 1101 791 1159 existeret
799 1118 915 1158 curave-
966 1090 1082 1162 ingenuo
1103 1102 1130 1149 et
1151 1109 1203 1150 non
1217 1097 1361 1170 conjugata
1377 1112 1544 1172 susceptum.
1559 1086 1670 1161 liparim
1686 1122 1753 1164 vem

126 1197 212 1251 cintus
225 1194 368 1266 indagare,
381 1210 397 1250 a
416 1193 528 1249 tremine
540 1207 660 1264 utiquam
674 1192 827 1249 audivimus
841 1194 914 1263 qnod
962 1179 1036 1236 idem
1052 1183 1180 1254 miili*er
1193 1201 1227 1240 0¹
1240 1188 1378 1258 i¹¹⁵l²⁰fi¹⁰
1392 1191 1425 1244 ²¹¹
1442 1196 1615 1259 praesentiam
1630 1206 1752 1253 nostram

126 1300 228 1340 anunm
251 1284 343 1341 atatis
363 1283 532 1354 trigesimum
558 1281 704 1352 attigisset„
733 1281 800 1338 Cum
823 1291 914 1337 antem
964 1272 1093 1339 30005811,
1118 1281 1147 1328 θῑ
1166 1274 1191 1329 θῑ
1213 1277 1284 1346 quod
1306 1279 1385 1336 ttobis
1403 1283 1436 1336 dc
1455 1285 1755 1361 nativitateipsiuspef

124 1377 278 1433 secundnm
293 1375 415 1446 praedicti
435 1381 536 1428 statuta
556 1371 662 1428 concilii
674 1371 764 1428 nultus
777 1372 874 1428 delicat
888 1372 913 1426 in
961 1360 1069 1419 litteras
1093 1361 1244 1435 aliquorum
1272 1365 1506 1440 suffraganeorum
1533 1383 1640 1429 tuorum
1666 1376 1755 1434 suem

123 1469 281 1538 episcopum
301 1466 362 1538 eligi
386 1467 432 1536 qni
454 1463 619 1534 trigesimum
640 1463 730 1518 astatis
748 1478 801 1518 noo
829 1464 915 1535 egerit
964 1454 1118 1511 intimatum
1141 1455 1240 1525 atlp'ecit
1262 1460 1334 1530 qttod
1355 1476 1493 1532 nunqnam
1512 1473 1589 1533 pater
1609 1467 1668 1538 ejus
1689 1483 1754 1524 uxo·

125 1575 239 1625 annum,
255 1559 318 1615 licet
331 1568 459 1614 senectus
479 1552 648 1612 venerabilis
668 1555 705 1610 sit
718 1569 773 1611 non
787 1552 913 1609 diuturna
963 1562 1020 1600 tem
1042 1549 1187 1615 habuerit.
1209 1549 1256 1606 set!
1284 1553 1365 1608 malti
1396 1554 1453 1623 sitta
1469 1556 1634 1627 virginitatis
1658 1558 1752 1617 liorem

122 1665 446 1708 necnnmeroannorum
463 1646 914 1720 computata,sedcanisintsen·
962 1641 1143 1711 preripuerat
1166 1641 1246 1711 qutasi
1276 1643 1424 1711 iurtim,et
1449 1647 1754 1721 ipsainlravpuadrien·

123 1758 170 1799 sus
184 1741 365 1806 hominis,et
383 1749 449 1798 aetas
468 1740 616 1798 senectutis
638 1740 694 1794 vita
718 1737 909 1804 immaculata;
964 1732 1067 1788 niuma
1085 1733 1227 1790 nativitate
1248 1733 1334 1807 ipsius
1348 1739 1552 1793 artatrinroniunt
1573 1755 1625 1795 non
1642 1735 1750 1797 cdntra·

123 1832 185 1900 quia
201 1841 293 1887 tamen
308 1839 368 1900 post
379 1829 424 1885 iila
441 1829 492 1885 tria
510 1811 710 1900 epureSal'omon
728 1826 826 1881 asserit
842 1826 911 1881 ‹litli-
928 1799 949 1857 Β
963 1823 1012 1879 xit.
1042 1823 1096 1881 lios
1121 1840 1187 1896 ergo
1207 1840 1270 1882 cum
1299 1815 1431 1884 iratribus
1456 1831 1556 1887 nostris
1590 1848 1670 1905 super
1692 1835 1743 1892 hoe

121 1922 196 1988 cilia,
209 1930 334 1994 prtartnm
348 1921 425 1991 quasi
437 1929 545 1991 reputat
559 1916 738 1990 impossibiie,
753 1918 826 1972 viam
842 1920 911 1976 vide·
962 1918 1057 1974 habito
1068 1919 1190 1991 diligenti
1213 1927 1344 1986 tractatu,
1363 1921 1470 1978 relectis
1483 1926 1650 1990 centonibus,
1669 1943 1750 1998 quos

122 2010 186 2068 licet
207 2009 259 2065 viri
281 2010 308 2064 io
325 2009 504 2065 adolescentia
517 2023 584 2075 sua,
604 2015 733 2078 tanquam
754 2007 910 2078 investigari
961 2007 1022 2062 darn
1044 2009 1196 2065 invenimus
1207 2009 1251 2079 quvi
1265 2027 1318 2065 nnn
1344 2010 1464 2082 legitime
1478 2013 1585 2083 genitos
1596 2019 1751 2084 promoveri

123 2117 175 2156 ιιοιι
190 2101 284 2172 possit,
312 2115 363 2156 nos
376 2099 506 2156 Ecclesiae
529 2098 631 2170 pariter
643 2107 670 2154 et
682 2112 805 2168 personas
816 2100 909 2169 provi·
959 2107 1052 2155 vetant
1064 2099 1098 2154 ad
1111 2097 1227 2155 ollicium
1246 2101 1394 2170 pastorale,
1403 2097 1516 2157 caussam
1529 2102 1598 2159 iorte
1610 2105 1750 2162 trahentes

121 2193 185 2248 dere
199 2191 338 2256 volentes,
351 2200 379 2246 et
395 2199 449 2246 tam
466 2191 586 2244 rationes
601 2203 683 2259 qaaatn
694 2190 839 2246 cantiones
858 2192 909 2246 ob·
960 2204 994 2243 es
1009 2187 1068 2260 lege
1080 2191 1182 2256 divina,
1199 2205 1251 2260 per
1264 2205 1346 2260 garam
1360 2191 1444 2262 spurii
1468 2201 1495 2247 et
1509 2208 1650 2252 manseres
1665 2212 1751 2267 usqne

120 2295 246 2348 servare,
264 2283 358 2337 habito
371 2294 453 2349 super
466 2278 519 2334 boc
536 2293 601 2334 cum
614 2278 743 2334 iratribus
755 2280 857 2335 nostris
870 2281 907 2336 di·
960 2280 987 2334 in
1001 2281 1138 2335 decimam
1157 2283 1359 2350 generationem
1375 2281 1400 2336 in
1418 2281 1536 2339 Ecclesia
1547 2283 1594 2340 Dei
1610 2287 1752 2356 prohibeo·

121 2373 212 2443 ligeuti
229 2372 430 2442 tractatu,puia
449 2370 616 2441 propositum
630 2371 907 2440 vestrumprouidum
960 2382 1006 2424 tur
1033 2371 1146 2428 intrare.
1168 2372 1322 2429 invenimus
1347 2384 1437 2431 autem
1460 2379 1590 2446 quosdam
1613 2380 1682 2436 alios
1704 2386 1749 2453 ptri

120 2465 311 2530 intelleximus,
333 2473 362 2519 et
384 2464 445 2520 ideo
468 2469 580 2532 prepter
600 2470 742 2531 urgentem
762 2463 909 2518 necessita·
959 2460 1139 2530 uuidecnnque
1152 2463 1321 2532 genitosnon
1338 2465 1521 2534 prohihentad
1533 2482 1628 2524 sacros
1640 2472 1751 2527 ordines

119 2561 221 2610 temet
242 2553 395 2611 evidentem
421 2553 567 2609 utilitatem
593 2551 723 2606 Ecclesiae
748 2550 907 2622 Capunnae,
958 2549 1125 2620 promoveri,
1138 2552 1287 2608 dummodo
1298 2553 1351 2607 sibi
1370 2555 1467 2609 merita
1489 2555 1684 2628 suffragentur,
1706 2577 1752 2618 as·

121 2657 203 2712 utram
221 2644 317 2699 iubae
334 2652 412 2715 parte
430 2644 521 2714 potius
539 2642 759 2714 approbavimus,
782 2643 909 2700 volumus
958 2650 1083 2696 serentes
1097 2642 1168 2710 quod
1184 2643 1266 2713 culpa
1278 2655 1421 2714 parentum
1435 2659 1489 2700 non
1512 2657 1554 2701 cst
1582 2647 1645 2703 liliis
1663 2650 1751 2721 impu·

120 2734 209 2794 ipsum
230 2733 348 2790 ›drmiter
369 2734 528 2806 pertinente,
547 2733 690 2805 prolatum
712 2731 907 2790 subdiaconum
958 2730 1056 2786 tanda.

121 2831 244 2880 nostrum
264 2823 298 2880 de
319 2824 456 2880 communi
475 2823 590 2878 lustrum
609 2833 764 2879 nostrornm
790 2822 906 2880 consilio
991 2820 1301 2892 Etadhocprolsandum
1312 2821 1443 2879 inducunt
1453 2824 1749 2895 qnodbontinnslesns

120 2916 198 2970 robis
212 2917 240 2970 ia
251 2923 456 2986 procuratorem
466 2913 665 2978 concedimus,
682 2913 796 2968 liberant
820 2916 907 2972 admi·
958 2927 1018 2970 novt
1034 2921 1136 2969 tantum
1150 2926 1183 2967 ex
1199 2911 1366 2983 alienigenis,
1376 2916 1422 2968 sed
1433 2915 1514 2971 etium
1529 2919 1690 2976 adulterinis
1703 2939 1749 2977 vn·

118 3006 308 3062 nistrationem
329 3006 356 3060 ei
376 3014 431 3060 mm
445 3005 473 3058 in
489 3002 675 3073 spiritualibus
693 3020 776 3075 quam
789 3006 817 3062 in
833 3015 904 3064 tem·
956 3003 1006 3072 puit
1017 3003 1250 3060 commistionibus
1269 3003 1354 3069 nasci,
1368 3005 1413 3074 qni
1429 3015 1471 3062 est
1484 3010 1611 3066 sacerdos
1623 3011 1650 3066 in
1666 3023 1749 3068 ater-

119 3097 258 3169 poralibns
270 3096 482 3153 committentes.
919 3137 941 3197 G
957 3109 1020 3149 nvrm
1030 3093 1304 3149 soctrndtnnorclincm
1312 3093 1516 3151 Melchisedech.
1525 3097 1643 3154 llietiant
1652 3103 1750 3158 divina

266 3201 330 3243 ronst
343 3198 763 3243 ucatnotscoroctnrntntsnsr.
958 3186 1106 3256 Scripturas
1121 3184 1247 3240 videntur
1267 3184 1358 3251 inniti,
1375 3200 1427 3254 qua
1445 3187 1544 3243 dicitur
1562 3208 1568 3244 :
1591 3190 1680 3247 Filios
1695 3212 1748 3251 non

154 3279 192 3350 (8)
203 3278 323 3335 innotuit
333 3276 399 3333 olirn
411 3276 490 3333 uobis
504 3285 559 3333 tam
574 3290 624 3347 per
636 3276 741 3335 litteras
753 3286 812 3335 tuas
823 3293 903 3350 quarn
954 3276 1069 3347 portabit
1095 3274 1259 3347 iniguitatem
1281 3276 1384 3346 patris,
1408 3287 1464 3332 etc.
1481 3276 1592 3349 (Erech,
1608 3282 1696 3356 avrti),
1720 3296 1749 3342 ct

118 3369 298 3441 quorumdam
321 3365 555 3436 suffraganeorum
573 3376 680 3423 tuorum
694 3377 723 3423 ct
744 3367 903 3425 dilectorum
955 3382 1095 3438 perquam
1120 3370 1262 3437 antiquum
1285 3369 1393 3424 videtur
1407 3372 1579 3438 proverbium
1599 3377 1745 3444 removeri,

119 3460 233 3515 liliorum
246 3458 346 3530 prioris
360 3466 388 3513 et
398 3464 549 3512 conventus
561 3456 761 3531 wigorniensis
777 3458 904 3515 Ecclesiae
955 3474 1010 3529 sputo
1026 3459 1098 3515 inter
1113 3458 1182 3516 hlios
1202 3458 1284 3516 lsrael
1303 3460 1355 3514 diei
1376 3460 1502 3517 solebat:
1519 3462 1612 3519 Patres
1628 3470 1748 3523 comede·

60 3544 65 3550 ’
117 3553 189 3623 qnod
203 3552 297 3607 eadem
311 3550 431 3607 Ecclesia
444 3551 571 3607 destituta
584 3557 702 3621 pastore,
715 3550 778 3605 dicti
792 3550 866 3621 prior
876 3560 905 3605 ct
952 3559 1018 3605 rant
1032 3566 1108 3605 annm
1128 3551 1260 3619 acerbum,
1280 3562 1305 3605 et
1319 3552 1407 3608 dentes
1427 3553 1544 3623 filioram
1562 3555 1748 3626 obstupescunt

118 3650 267 3697 conventus
288 3640 416 3696 dilectura
435 3640 520 3695 hlium
536 3639 697 3710 magistrum
714 3638 785 3711 llag.
804 3641 905 3696 Ebora·
957 3642 1058 3711 (ibid).
1073 3640 1187 3708 Quidam
1201 3657 1265 3697 vero
1278 3656 1397 3699 canones
1410 3645 1444 3700 nd
1455 3646 1628 3701 concordiam
1640 3646 1746 3705 discor·

117 3745 225 3787 censem
237 3730 458 3786 archidiaconum
473 3730 500 3784 in
515 3741 654 3800 pastorem
669 3729 823 3785 aniatarum
836 3744 903 3785 sna·
956 3732 1046 3785 clantio
1069 3743 1242 3801 revocantes,
1263 3735 1467 3805 repugnantiam
1488 3751 1623 3792 canonum
1645 3739 1744 3809 praedi·

118 3836 177 3876 rum
193 3819 359 3875 unanimiter
375 3820 526 3889 elegerunt,
539 3826 566 3873 et
583 3832 646 3873 curn
669 3817 729 3885 ejus
744 3819 793 3874 tibi
807 3817 903 3873 luisset
955 3830 1060 3877 ctoront
1074 3821 1164 3893 sopire
1178 3824 1374 3893 quodammodo
1386 3824 1559 3892 videbantur,
1571 3829 1744 3886 continentes

117 3910 215 3968 electio
245 3919 419 3982 presentata,
444 3907 680 3966 confirmationem
706 3921 792 3979 usque
810 3907 837 3962 in
855 3908 904 3961 ad·
954 3914 1026 3982 quod
1048 3913 1189 3985 illegttime
1210 3917 1304 3987 geniti,
1328 3917 1351 3973 si
1374 3916 1497 3988 religiose
1521 3919 1622 3976 inerint
1645 3932 1691 3977 aut
1717 3922 1744 3977 in

118 4015 228 4057 ventum
241 4004 326 4074 ipsios
340 4003 386 4073 qni
402 4003 501 4059 absens
522 3999 673 4071 eligebatur
685 4009 714 4057 et
726 3998 829 4057 inscius
843 3999 904 4055 dis·
954 4002 1088 4059 coenobiis
1102 4012 1149 4058 aut
1171 4002 1198 4056 in
1214 4003 1351 4062 canonicis
1369 4009 1521 4063 conversati
1546 4008 1595 4082 tii),
1618 4026 1632 4063 a
1658 4014 1745 4067 sacris

120 4096 223 4152 tulisti:
238 4099 284 4167 qul
303 4097 421 4161 tandem,
437 4093 508 4164 qnod
537 4092 635 4148 lactum
647 4090 851 4156 incantandito,
868 4089 902 4145 acl
954 4092 1116 4148 artinisterils
1135 4091 1247 4149 ntirrime
1269 4108 1450 4152 retnoventur.
1469 4098 1501 4152 Et
1515 4098 1586 4155 inter
1605 4100 1744 4172 tttgtttmo

119 4186 295 4259 presentiam
326 4197 398 4242 tunm
425 4186 539 4242 devotus
552 4183 677 4249 accessit,
693 4190 721 4237 et
734 4193 833 4251 praeter
845 4184 903 4251 opi·
954 4186 1061 4255 genitos
1077 4184 1185 4255 quidam
1201 4196 1328 4241 asserunt
1349 4202 1397 4243 eos
1421 4190 1494 4243 solns
1517 4205 1531 4243 a
1549 4193 1635 4247 sacris
1649 4192 1743 4250 niliciis

117 4279 226 4335 limitem
241 4277 439 4346 ⁰¹¹t¹tlt¹mstl1¹l
460 4277 528 4331 nihil
542 4276 655 4333 obstate
669 4274 819 4330 credebant
835 4272 900 4343 φήῃ
955 4276 1136 4347 prohibendos
1155 4276 1200 4345 oui
1223 4284 1364 4347 paternam
1388 4280 1613 4335 incontinentiam
1635 4282 1743 4338 inritan-

115 4370 207 4424 statirn
222 4382 336 4424 concors
347 4377 375 4422 et
399 4365 530 4421 canonica
560 4365 669 4421 deberet
690 4363 788 4419 electio
802 4363 902 4419 corthr-
956 4378 1010 4423 tur.
1032 4368 1066 4422 lit
1084 4366 1103 4422 ii
1119 4382 1230 4438 quoque
1244 4367 1371 4424 videntur
1384 4369 1544 4425 auctoritate
1557 4369 1655 4426 divinae
1676 4372 1743 4444 legis

117 4460 200 4523 nturi,
211 4468 358 4529 spontanea
371 4466 398 4512 et
409 4464 516 4511 secreta
528 4457 575 4511 tibi
588 4455 758 4511 consessione
770 4464 902 4509 monstru-
917 4465 939 4521 1)
954 4458 1032 4514 inniti
1056 4473 1108 4528 qum
1129 4460 1229 4515 dicitur
1245 4476 1251 4513 :
1270 4458 1325 4529 Ego
1342 4478 1400 4516 snm
1422 4462 1493 4516 liena
1513 4463 1618 4529 zelotes,
1634 4464 1743 4520 visitans

116 4552 157 4605 vit
170 4550 243 4620 qood
259 4548 426 4605 conscientia
437 4546 496 4615 ejus
511 4547 708 4617 aliquantisper
720 4560 753 4601 ex
765 4545 902 4601 natalibus
951 4555 1059 4616 peccato
1072 4558 1177 4620 putrent
1195 4551 1223 4603 in
1241 4548 1312 4619 pilius
1326 4566 1404 4619 resque
1418 4550 1445 4605 in
1463 4552 1566 4605 tertium
1585 4560 1611 4605 et
1622 4562 1742 4623 quartam

117 4651 192 4697 esset
205 4639 449 4709 tesa,etquodnct
463 4645 544 4693 mutae
557 4636 698 4707 dignitatis
712 4636 817 4707 apicem
832 4652 902 4707 prac-
953 4639 1144 4707 generationem
1171 4642 1198 4695 in
1223 4641 1264 4694 itis
1289 4641 1335 4709 qui
1361 4641 1470 4695 oderant
1491 4657 1531 4695 nte
1556 4641 1655 4709 (Enod.
1678 4652 1740 4710 sap

120 4743 161 4789 ter
184 4732 380 4804 indulgentiam
403 4727 560 4801 apostolicae
578 4728 651 4782 sedis
672 4726 757 4782 nollet
771 4726 901 4797 aliquate-
952 4730 1033 4801 qvtasi
1047 4732 1130 4796 dicat,
1153 4733 1180 4787 in
1206 4733 1249 4788 his
1269 4732 1315 4801 qtri
1331 4732 1403 4786 circa
1426 4747 1470 4786 nne
1492 4742 1632 4803 paternum
1650 4732 1741 4788 odinm

119 4839 171 4879 nus
193 4824 347 4894 promoveri
376 4819 537 4893 proposuit,
561 4818 669 4874 etiamsi
697 4828 901 4888 promoventem
955 4820 1106 4875 imitantur.
1135 4822 1235 4878 lerum
1260 4836 1347 4877 canon
1375 4822 1482 4877 concilii
1511 4822 1700 4877 Lateranensis
1724 4838 1739 4877 a

117 4916 265 4986 benignum
276 4924 303 4970 et
317 4913 423 4968 facilem
439 4910 584 4967 inveniret.
601 4906 641 4962 lu
656 4918 765 4976 autem,
778 4907 849 4962 sicut
860 4909 902 4962 vir
952 4908 1030 4965 bouae
1043 4912 1179 4966 memorie
1192 4910 1345 4965 Alexandro
1355 4925 1422 4983 papa
1437 4912 1636 4981 predecessore
1648 4922 1741 4967 nostro

116 5005 247 5077 providus
266 5012 294 5059 et
311 5004 464 5087 discretus,
479 4998 619 5055 intellecta
641 4997 809 5053 conscientia
822 4996 900 5067 ejus,
954 5000 1044 5057 editus
1058 5002 1084 5056 in
1098 5002 1201 5071 synodo
1218 5001 1350 5075 generali,
1366 5002 1462 5073 primis
1477 5003 1646 5059 concordans
1659 5018 1740 5059 cano-

117 5095 228 5151 noluisti
242 5094 409 5164 protiunsad
422 5091 656 5149 confirmationem
673 5089 836 5160 procedcrc;
853 5088 901 5144 scd
953 5093 1047 5159 nibus,
1065 5106 1118 5148 non
1134 5088 1219 5148 solum
1234 5094 1303 5149 tales
1324 5104 1399 5149 vetat
1420 5094 1446 5148 in
1468 5094 1610 5165 episcopos
1631 5108 1741 5164 promo·

116 5188 198 5243 nobis
220 5200 248 5242 et
270 5187 308 5243 rei
330 5187 429 5243 seriem
441 5182 574 5240 intimasti
593 5197 642 5253 per
662 5181 770 5236 litteras
788 5192 859 5248 tuas,
874 5188 902 5236 et
952 5182 1021 5248 veri,
1044 5182 1236 5237 verumetiam
1258 5181 1420 5252 eligentibus
1444 5191 1547 5238 certam
1570 5195 1678 5254 poetravn
1697 5181 1741 5236 in·

114 5295 168 5351 per
177 5294 224 5334 eas
235 5280 320 5350 ipsius
330 5277 453 5348 magistri
463 5278 558 5332 merita
570 5285 596 5331 ct
610 5273 750 5329 scientiam
765 5288 902 5329 comarco·
952 5271 1031 5343 iligit,
1046 5272 1103 5326 imo
1120 5271 1178 5340 ipso
1198 5270 1271 5325 iacto
1286 5271 1408 5326 camdem
1422 5284 1530 5341 poenam
1554 5270 1627 5341 ipsos
1644 5268 1742 5323 asserit

115 5370 200 5424 dasti.
211 5368 362 5440 Capitulum
377 5378 466 5423 autem
481 5366 602 5435 eittsdem
616 5364 744 5419 Ecclesia
759 5380 843 5434 qtrarc
854 5378 903 5435 pcr
953 5361 1112 5426 incurrisse,
1127 5368 1156 5415 ut
1176 5361 1323 5417 secundum
1346 5360 1397 5416 hoc
1415 5374 1502 5415 canon
1519 5374 1578 5417 esse
1596 5362 1657 5415 latas
1677 5374 1740 5413 seu·

116 5470 145 5515 te
156 5458 254 5515 luisset
267 5458 408 5515 electionis
428 5456 512 5525 ipsius
534 5454 706 5512 confirmatio
724 5454 858 5523 protelata
873 5467 903 5508 se
955 5456 1047 5511 tentiae
1061 5454 1194 5519 vitientur,
1219 5450 1296 5515 catius
1319 5461 1396 5506 tenor
1414 5449 1477 5506 talis
1497 5457 1538 5505 cst
1552 5450 1607 5521 (to)
1623 5464 1631 5503 a
1647 5446 1688 5503 Ne
1703 5448 1741 5502 ol·

115 5551 245 5621 ignorare
262 5564 310 5620 per
332 5548 436 5603 litteras
455 5560 521 5601 suns
535 5546 614 5602 nobis
628 5544 803 5601 transmissas
820 5559 904 5615 expo-
953 5544 1046 5599 delicet
1059 5544 1128 5614 guod
1149 5544 1182 5597 de
1203 5540 1359 5613 quibasdam
1379 5556 1426 5609 pro
1448 5540 1598 5595 necessitate
1620 5537 1741 5608 temporis

153 5662 195 5799 8))
208 5663 274 5788 gap.
287 5662 354 5787 imile
365 5660 444 5715 elect.
459 5659 485 5714 iu
499 5660 578 5713 tertia
591 5658 705 5715 Collect.
989 5652 1046 5725 (lb)
1065 5652 1167 5709 Concil.
1184 5650 1275 5707 Later.
1292 5650 1342 5705 sub
1355 5650 1431 5706 hier.
1449 5648 1491 5713 ΙΙΙ,
1508 5662 1568 5719 cap.
1585 5646 1612 5703 ii.

236 5744 278 5789 nst.
332 5771 339 5786 .

337 5825 472 5886 Parnoi..
498 5826 631 5891 coxit.
1519 5810 1558 5872 33
