4109 6325
188 326 257 386 {pto
627 312 832 378 acotsrntitt
853 318 897 375 blf
916 314 1067 374 NEGO'flO
1086 314 1218 373 bonam
1237 312 1376 373 tarano.
1754 318 1824 381 ibib

515 427 656 489 bxttttt.
994 431 1059 491 ititt
1075 430 1257 488 llontanortttn
1283 431 1474 502 imperatorem
1495 428 1582 487 electo
1605 430 1725 491 favorem
1749 449 1825 492 eom·

221 524 282 599 (Π)
296 523 442 581 Perfidiam
455 521 652 595 archiepiscopi
670 522 841 579 Trevireusis
861 537 909 577 vus
925 538 987 605 nott.
1030 524 1819 606 paraverisplurituotum,apttdquosetletpuebaturliopua

186 618 325 675 credimus
350 617 499 689 ignorare:
533 614 581 685 qui
609 612 676 671 licet
698 621 798 685 praeter
824 612 979 669 communis
1028 618 1176 687 prudenter
1189 628 1217 674 et
1228 616 1392 675 sufficienter
1404 620 1548 689 perorabat
1558 620 1694 679 honestas.
1710 624 1820 682 Gaude·

187 708 351 765 obedientia
376 705 515 763 vinculum
528 706 749 775 etjuramentom
769 704 906 761 fidelitatis
925 720 980 775 vitto
1030 727 1089 767 mus
1097 710 1324 781 etiamquod,etsi
1337 714 1512 770 necessitates
1520 712 1618 769 nimias
1626 716 1821 790 patioris,qttia

185 801 315 859 Ecclesia
334 800 462 856 liemanae
480 809 603 865 tenetur,
629 799 707 855 nobis
721 800 878 869 promiserit
895 798 979 853 firmi·
1030 809 1119 858 tamen
1136 802 1286 869 abundare,
1299 804 1446 859 secuudum
1461 804 1630 875 Apostolum,
1643 810 1820 879 etpeuoriam

187 904 230 951 ter
242 903 270 951 et
278 894 436 965 juramento
451 892 567 949 firmarit
580 892 662 963 quod,
679 905 761 961 super
771 890 842 949 facto
858 890 978 962 imperii,
1028 891 1083 959 pati
1104 893 1220 961 novisti,
1236 893 1294 963 (li)
1313 894 1421 949 uoluisti
1437 895 1564 967 cuiquam
1590 914 1652 957 esse
1669 902 1758 968 oneri,
1774 904 1822 959 sed

186 984 389 1054 beneplacitum
403 992 527 1039 nostrum
542 983 601 1037 sine
622 982 778 1038 conditione
790 982 911 1053 qualibet
934 994 979 1038 se·
1032 980 1280 1051 pauciseentcntm
1292 984 1412 1041 existens
1422 997 1610 1057 paupertatem
1622 994 1699 1061 qnasi
1715 994 1821 1049 divitias

185 1084 328 1148 queretur,
347 1074 427 1146 quasi
449 1085 539 1130 tamen
565 1075 623 1130 lutee
645 1075 737 1130 omnia
763 1073 977 1144 parvipendens,
1028 1074 1171 1140 reputasti.
1185 1072 1339 1130 llosamem
1362 1074 1524 1133 fraternitati
1547 1088 1599 1135 tuac
1616 1085 1759 1153 previdere
1776 1101 1821 1143 vo·

184 1166 504 1238 nonsolumsupcrboc
525 1166 627 1221 uestris
649 1168 779 1223 hactenus
808 1166 894 1221 noluit
913 1166 978 1222 obe·
1027 1162 1128 1229 lenies.
1159 1167 1329 1223 venerabiles
1351 1168 1450 1224 fratres
1476 1180 1586 1228 nostros
1618 1176 1759 1249 episcopos
1792 1188 1821 1236 ct

185 1260 246 1317 dire
255 1260 402 1324 mandatis,
418 1259 465 1314 sed
482 1274 530 1328 pro
545 1261 648 1316 viribus
663 1259 764 1315 restitit
780 1268 809 1314 et
823 1258 923 1313 resistit
943 1271 978 1312 ne
1028 1257 1183 1312 cauouicos
1200 1256 1334 1313 lietenscs
1350 1268 1375 1315 et
1395 1260 1607 1321 cameracenses
1626 1275 1655 1321 et
1681 1269 1821 1327 ttttivcrsos

186 1362 308 1409 uestrum
319 1352 518 1424 beneplacitum
541 1352 697 1424 impleatur,
710 1352 792 1405 latam
808 1350 890 1407 etiam
905 1350 978 1404 inse
1028 1346 1156 1417 praelatos
1185 1351 1212 1403 iu
1233 1348 1345 1407 lictettsi
1379 1360 1408 1407 et
1435 1352 1625 1413 cameracensi
1659 1360 1822 1419 dioeccsibus

185 1446 478 1505 excommunicationi,
501 1448 661 1504 sententiam
687 1446 905 1532 μηῑμῃᾱρηῃ
927 1459 977 1500 nm
1028 1440 1192 1497 constitutus
1204 1456 1254 1513 per
1270 1452 1378 1500 nostras
1389 1442 1496 1502 litteras
1510 1447 1682 1520 increpamus
1695 1468 1822 1523 supereo

185 1535 272 1593 credit
286 1552 342 1592 suae
352 1535 555 1610 presumptioni
568 1538 690 1594 sudleere
702 1538 773 1608 qtrod
789 1536 977 1594 inobedientiae
1027 1532 1100 1601 qttorl
1112 1532 1173 1593 tibi.
1188 1533 1252 1590 licet
1269 1535 1386 1603 absenti,
1402 1537 1547 1595 noluerunt
1572 1542 1597 1596 iu
1620 1547 1822 1614 procurationi·

185 1643 260 1694 reus,
273 1637 458 1700 transgressor
473 1627 535 1684 lirici
555 1637 583 1684 et
606 1629 753 1701 juramenti
777 1630 880 1700 proprii
894 1628 977 1683 viola·
1027 1622 1080 1679 lms
1096 1621 1261 1691 subt·enire,·
1275 1627 1374 1697 quibus
1392 1629 1474 1684 etiam
1501 1632 1625 1689 districte
1650 1636 1821 1707 praecipimus

185 1727 229 1775 tor
239 1717 360 1782 effectus,
376 1727 472 1775 contra
485 1718 512 1775 id
527 1719 598 1788 uttod
611 1719 689 1773 nobis
702 1716 818 1772 firmiter
844 1716 977 1787 repromi·
1028 1724 1058 1771 ut
1071 1718 1129 1774 sive
1143 1719 1177 1773 od
1190 1720 1262 1789 ipses
1277 1722 1434 1788 accesseris,
1449 1724 1508 1779 sire
1519 1724 1586 1781 alins
1602 1724 1685 1783 fueris
1697 1742 1822 1787 comme·

184 1810 232 1875 sit,
246 1808 344 1865 litteris
360 1810 418 1866 sois
432 1811 589 1881 patentibus
612 1824 693 1880 supet·
709 1809 760 1865 boe
784 1810 853 1877 apud
876 1822 925 1864 nos
946 1809 973 1861 iu
990 1802 1011 1857 B
1027 1817 1113 1873 ratus,
1133 1810 1355 1877 procurationum
1380 1812 1499 1869 subsidia
1527 1814 1563 1869 ita
1596 1815 1746 1875 liberaliter
1772 1822 1819 1877 tibi

183 1901 369 1959 testimouium
399 1902 554 1969 derelictis,
582 1901 675 1957 venire
689 1900 838 1971 praesumit,
857 1900 905 1955 sevi
927 1913 977 1953 vos
1028 1902 1157 1957 studeant
1171 1902 1301 1957 esitibere
1315 1904 1386 1971 qnod
1408 1905 1577 1977 subsequens
1597 1909 1746 1970 liberalitas
1762 1912 1821 1971 enl-

183 1994 277 2059 etiom,
298 1993 370 2049 sicut
407 1990 616 2063 accepintns,in
645 1990 828 2045 testimouium
868 1988 977 2044 invocat
1026 2007 1088 2062 pam
1112 1993 1226 2047 redimat
1254 1995 1460 2063 praecedentem.
1489 1996 1629 2069 Alioquin,
1656 2008 1818 2062 sententia-n

183 2084 322 2149 falsitatis,
338 2099 466 2141 asserens
489 2085 563 2155 quod
589 2097 735 2153 persenam
769 2080 923 2134 citatissimi
948 2082 975 2134 in
1026 2083 1819 2154 quamineosdotcritproferettdamrotamnosscribimus

182 2174 291 2232 Citristo
306 2176 353 2230 lilii
368 2176 453 2231 nostri
467 2174 583 2230 illustris
596 2174 667 2243 regis
678 2172 789 2229 tittenis
800 2172 826 2226 in
841 2172 977 2226 llomano·
1027 2174 1171 2233 imbiturua
1184 2186 1211 2231 et
1230 2176 1348 2235 facturos
1362 2179 1555 2239 iuviolabiliter
1568 2185 1717 2245 oltsertari.
1731 2190 1819 2245 Germ

181 2282 242 2323 rum
257 2267 449 2338 imperatorem
460 2266 541 2323 electi
552 2265 693 2335 exceperit
706 2278 767 2318 cum
792 2261 903 2331 juravit.
921 2260 975 2317 Nos
1027 2266 1101 2321 rales
1114 2266 1196 2321 etiam
1210 2266 1316 2323 litteras
1332 2284 1415 2339 super
1426 2274 1665 2343 procurationibus
1677 2278 1818 2350 exigendis

181 2358 347 2430 igitursseios
360 2358 560 2415 contumaciam
587 2356 770 2421 attettdentes,
788 2355 976 2411 eacontmuui·
1026 2356 1073 2411 tibi
1102 2358 1333 2415 transmittimus:
1355 2376 1424 2431 quas
1447 2362 1501 2418 flue
1520 2362 1602 2419 simili
1630 2368 1818 2437 terminentur,

181 2449 298 2507 cationis
326 2450 353 2505 in
383 2450 471 2521 ipsum
499 2448 663 2507 sententiam
681 2448 809 2503 duximus
833 2447 974 2518 proferen-
1024 2446 1171 2520 legationis
1186 2460 1237 2503 tuat
1263 2448 1364 2507 fitteris
1395 2450 1542 2508 innotatis.
1563 2456 1715 2515 scribimus
1735 2458 1818 2515 etiam

182 2544 261 2610 dam3
281 2541 328 2598 sed
344 2541 506 2612 ipseadbuc
523 2540 552 2595 in
581 2538 816 2595 suacontumacia
849 2554 974 2609 perseve-
1024 2538 1187 2595 charissimo
1202 2538 1231 2593 in
1244 2537 1355 2596 Citristo
1367 2537 1424 2597 ftlio
1435 2554 1528 2600 nostro
1541 2543 1641 2601 illustri
1657 2548 1713 2619 repi
1727 2548 1818 2605 banu-

183 2649 259 2702 raus,
272 2648 333 2691 eam
344 2642 519 2690 contemnere
532 2646 586 2688 nort
605 2640 724 2686 veretur.
738 2626 868 2685 linientes
891 2630 975 2702 igitur
1024 2645 1085 2685 mm
1098 2639 1126 2684 ut
1136 2644 1198 2685 eunt
1210 2628 1448 2687 confederationis
1460 2632 1600 2702 intergcum
1615 2644 1642 2691 et
1656 2638 1816 2707 praedictum

182 2726 363 2785 temeriment
397 2724 553 2797 itatiusmodi
586 2722 744 2793 relinquere
779 2722 972 2793 incorrectam,
1024 2736 1114 2795 regent
1128 2720 1255 2777 ottonem
1269 2723 1343 2779 initae
1356 2723 1490 2780 mediator
1501 2733 1528 2779 et
1546 2726 1723 2785 confirmator
1732 2732 1818 2787 easti-

180 2818 347 2877 fraternitati
363 2826 461 2874 vestras
475 2831 524 2886 per
534 2816 682 2886 apostolica
694 2818 797 2887 scripta
812 2817 974 2875 mandamus
1024 2813 1102 2881 teris,
1114 2812 1137 2869 si
1151 2822 1263 2884 propter
1280 2814 1351 2870 banc
1375 2812 1416 2869 vel
1428 2814 1508 2869 aliam
1525 2829 1636 2872 eattsatn
1653 2825 1680 2873 te
1698 2820 1733 2876 ad
1749 2837 1818 2892 prae·

180 2911 527 2985 etdistrictepraecipinms
547 2918 681 2983 quamnus
707 2912 972 2967 excommunicatum
1023 2904 1143 2960 sentiam
1171 2904 1231 2974 ejus
1254 2905 1407 2977 oportuerit
1432 2904 1579 2976 proficisci,
1603 2908 1675 2964 sicut
1700 2908 1817 2984 legatum

179 3020 242 3062 eum
255 3004 370 3078 singolis
393 3003 491 3061 diebus
509 3004 659 3059 bomiuicis
671 3011 700 3059 et
719 3002 834 3070 festivis,
859 3003 973 3073 pulsatis
1024 2998 1268 3069 apostolicaesedis
1288 3007 1315 3055 te
1341 3000 1459 3071 benigue
1477 3001 1592 3071 recipiat
1619 3012 1646 3059 et
1669 3002 1818 3076 hetruriam

180 3098 319 3171 compartis
333 3106 362 3154 et
379 3096 501 3153 candelis
524 3097 662 3164 accensis,
677 3096 784 3169 publice
805 3097 935 3153 nuntietis
944 3105 973 3153 et
1024 3091 1133 3148 studeat
1144 3099 1330 3163 pertractare,
1341 3090 1463 3147 consiliis
1479 3091 1531 3147 tuis
1545 3101 1573 3147 et
1585 3094 1694 3151 monitis
1706 3098 1818 3170 acquie-

183 3207 235 3263 per
245 3201 353 3248 restras
364 3190 474 3248 faciatis
483 3190 615 3247 dioceses
626 3188 678 3246 sub
695 3189 868 3246 solemnitate
889 3191 971 3247 sintili
1024 3199 1114 3244 scens.
1145 3185 1256 3242 Similes
1290 3199 1398 3258 utreque
1421 3187 1550 3253 litteras,
1573 3188 1628 3246 imo
1651 3187 1818 3252 effleaciores

180 3281 320 3349 rtttntiari;
335 3297 369 3338 et
383 3291 460 3352 parte
474 3290 566 3338 nostra
581 3279 777 3338 denuntiantes
797 3281 885 3338 eidem
899 3282 972 3353 quod
1023 3277 1106 3334 etiam
1118 3277 1324 3336 venerabilibus
1334 3277 1464 3338 fratribus
1477 3279 1579 3338 uostris
1601 3283 1816 3356 archiepiscopis

180 3376 234 3434 „pp
245 3373 553 3449 magnanimitatem
569 3381 691 3429 „mtrem
708 3373 781 3429 turn
798 3388 846 3430 mx
864 3389 973 3432 meum
1022 3377 1053 3426 et
1069 3369 1206 3442 episcopis
1226 3384 1275 3440 per
1292 3369 1453 3428 'fontouiam
1470 3373 1626 3429 constitutis
1641 3373 1816 3434 sicutridere

180 3469 215 3526 ad
228 3469 387 3525 mandatum
403 3475 526 3524 nostrum
539 3465 650 3522 redierit
668 3464 813 3522 humiliter
823 3477 851 3522 et
861 3467 972 3535 deuote,
1022 3463 1136 3534 poteris,
1145 3463 1326 3520 destinamus.
1336 3461 1438 3520 Contra
1447 3462 1638 3522 'frcrireosenr
1649 3469 1815 3526 avttemaeri·

180 3576 214 3617 ae
225 3560 463 3633 rteurjmamcnto
479 3567 596 3624 terretur,
608 3572 691 3627 super
706 3558 779 3616 facto
794 3558 900 3630 imperii
924 3575 973 3616 uo-
1023 3557 1112 3614 bimus
1125 3556 1329 3612 venerabilibus
1349 3555 1478 3612 fratribus
1491 3557 1593 3613 nostris
1603 3557 1817 3634 archiepiscopis

180 3661 248 3710 stre
260 3651 426 3710 satisfecerit
443 3651 587 3716 roltttttati,
607 3663 641 3705 es
655 3659 730 3716 tttrtc,
749 3660 898 3708 convocato
910 3651 974 3708 rici·
1022 3659 1051 3708 et
1064 3649 1200 3721 episcopis
1226 3662 1275 3718 per
1294 3646 1453 3704 Teutouiam
1477 3651 1635 3708 constitutis
1651 3661 1680 3708 ut
1701 3652 1815 3725 simut·

181 3740 612 3813 Wfflfflfflssfflllfflfmwllfflllb
624 3739 657 3795 ¹¹⁰
668 3736 972 3798 ⁰⁰¹¹Sl¹¹⁰ff³lf¹¹¹¹¹¹l⁰⁸·
1022 3751 1119 3808 diebus
1136 3751 1286 3808 liomiuieis
1300 3757 1328 3806 et
1351 3749 1466 3818 festivis,
1481 3751 1597 3823 pulsatis
1623 3755 1764 3824 campanis
1785 3765 1815 3814 et

181 3844 286 3892 trorum
298 3834 475 3906 depositionis
488 3834 515 3889 in
529 3849 592 3888 erim
610 3833 772 3888 setttentiom
790 3833 971 3904 proferentes.
1021 3845 1145 3902 eamlells
1174 3847 1308 3912 accettsis,
1334 3845 1600 3902 excommunicatum
1621 3859 1684 3902 etam
1705 3849 1815 3918 publice

215 3928 315 3984 Delum
336 3926 475 3992 Latenoi·
492 3941 518 3980 l¹
543 3924 603 3980 Kel-
614 3923 716 3992 nerlii,
730 3926 907 3996 williwaldi
926 3941 972 3983 alr
1022 3938 1158 4000 trandent,
1173 3946 1260 4008 etper
1274 3939 1485 3996 diocesearum
1512 3936 1564 3992 ruli
1582 3938 1753 3998 solemnitate
1774 3941 1815 3998 fa·

180 4019 230 4077 stri
241 4034 314 4075 auno
324 4029 412 4077 sesto.
1021 4030 1097 4087 ciant
1110 4027 1237 4086 similiter
1251 4030 1386 4096 nuntiari;
1406 4045 1440 4084 es
1451 4038 1531 4102 parte
1546 4039 1639 4087 nostra
1653 4031 1814 4090 denuntiau-

215 4175 388 4218 ,mfflmo
402 4085 712 4216 „ssmffigrijffl
727 4175 802 4218 sm
819 4173 931 4216 mm
1022 4128 1063 4177 tes
1075 4121 1163 4177 eidem
1178 4119 1263 4191 quod,
1279 4120 1330 4174 nisi
1342 4127 1403 4191 pest
1414 4119 1647 4178 denuntiationem
1661 4137 1756 4180 eorum
1770 4126 1814 4179 in-

1021 4211 1063 4266 fra
1093 4226 1140 4267 ses
1164 4225 1275 4269 menses
1304 4209 1339 4265 avl
1363 4209 1522 4266 mandatum
1552 4220 1675 4284 nostrum
1701 4213 1814 4272 redierit

214 4251 378 4325 Recepimus
392 4251 498 4308 litteras
512 4266 581 4321 quas
599 4260 644 4308 tua
659 4253 738 4310 nobas
752 4251 912 4310 fratmnttas
923 4253 971 4308 de·
1020 4301 1162 4359 mmmm
1184 4315 1213 4360 a
1233 4303 1344 4368 devote,
1368 4317 1411 4368 ac,
1428 4302 1498 4359 spem
1513 4303 1671 4371 infamem
1694 4315 1812 4373 mmm·

180 4350 293 4410 ‘fimf‘
305 4349 473 4419 '’emmim‘'
484 4363 538 4418 ⁴¹⁰²
551 4349 651 4417 ‘mn’
668 4355 697 4404 θ’
708 4347 855 4418 ‘imm‘
866 4349 970 4404 'wi'
1021 4415 1104 4472 stttler
1115 4400 1186 4457 facto
1199 4401 1305 4472 interit
1322 4410 1424 4456 nestrae
1437 4398 1603 4456 satisfecerit
1617 4399 1760 4470 voluntati,
1777 4419 1812 4460 es

179 4457 242 4500 ’Μ’
251 4454 312 4512 ‘¹⁰ae
322 4453 371 4511 W
385 4452 432 4492 ω
446 4437 604 4507 mmm
614 4438 727 4494 umbus
737 4447 878 4494 'numm'
895 4437 969 4495 (Μ’
983 4491 1006 4546 o
1021 4505 1098 4559 tunc,
1111 4503 1261 4551 convocato
1271 4492 1474 4550 convicinorum
1489 4492 1677 4563 episcoporum
1686 4495 1810 4563 coneilio,

179 4537 277 4593 demus
297 4539 390 4587 autetrt
413 4537 442 4585 et
467 4527 667 4583 fraternitatem
699 4536 774 4584 tuam
799 4528 827 4584 in
853 4527 968 4586 liomiuo

179 4623 481 4694 commendamusqnod
492 4621 565 4677 inm
576 4630 673 4692 gemes
684 4621 759 4693 prius
775 4620 926 4694 mcogniws
942 4631 971 4678 a
1020 4589 1055 4643 de
1068 4585 1183 4690 consilio
1198 4585 1313 4641 fratrum
1328 4594 1484 4642 nostrorum
1496 4583 1675 4685 depositionis
1698 4584 1725 4638 in
1749 4599 1811 4686 eom

1020 4685 1184 4732 sententiam
1202 4673 1381 4745 proferemus.
1399 4671 1538 4728 ilortemus
1559 4680 1643 4740 tpttur
1655 4671 1811 4728 fraterntta·

178 4715 293 4790 populos
307 4715 404 4788 lingere
416 4729 497 4785 poam
508 4728 560 4768 nou
576 4727 690 4770 noveras
704 4711 968 4777 consumentem
1498 4761 1504 4774 .
1769 4764 1776 4777 ·

180 4822 207 4868 te
219 4810 313 4868 stodes
330 4820 385 4864 tam
404 4807 432 4865 in
460 4805 552 4864 verbis
566 4823 648 4880 quam
667 4807 775 4864 actibus
793 4804 923 4864 exbibete
940 4816 970 4862 ut
1020 4774 1075 4822 ‘⁰¹¹¹
1088 4775 1162 4821 ’Μ
1174 4774 1201 4820 ⁶¹
1212 4767 1389 4821 ⁰¹¹¹⁰f¹⁸⁰¹¹¹¹⁸
1410 4771 1542 4820 ²¹¹⁰¹¹¹¹¹¹⁸
1556 4769 1585 4816 θ’
1603 4762 1809 4834 Wf²l⁰⁸¹⁰¹¹⁶²

181 4905 305 4962 ridentes
319 4898 454 4974 oper'attta
466 4901 538 4958 bona
550 4901 822 4974 plorilicentl'atrem
834 4910 968 4966 nostrum,
1020 4861 1068 4917 ‘ib'
1083 4859 1183 4929 'mm'
1198 4858 1358 4962 'f'm'd'mu'
1381 4865 1515 4960 (ΨΜ
1540 4868 1596 4910 ¹¹⁰⁰
1617 4854 1736 4960 difficili·
1761 4857 1810 4912 ¹0⁶

179 5003 313 5068 aptreeat
328 5011 410 5052 omne
432 4994 524 5050 datnm
545 4995 678 5062 optimum
704 5002 732 5049 et
755 4993 855 5048 donum
887 5006 970 5048 otnne
1019 4950 1146 5024 ''mum“
1160 4957 1250 5020 ΨΜ*
1264 4948 1333 5005 ‘¹²⁰
1348 4957 1547 5020 ¹²¹⁰m⁰¹¹⁰⁰⁰m
1559 4956 1660 5019 ''⁶⁸⁰²''
1675 4947 1810 5018 ‘imm

178 5087 375 5160 perfectum,et
393 5087 472 5141 uobis
484 5085 510 5138 iu
525 5083 679 5140 actionibus
699 5084 848 5156 gratiarum
877 5096 969 5137 assur·
1019 5040 1177 5100 “imm
1195 5039 1383 5096 ⁰⁰mmi⁸⁵m¹¹⁵
1397 5037 1601 5108 “mumdum
1622 5037 1695 5093 m
1717 5037 1811 5094 ham*

177 5189 244 5254 gaut
257 5179 330 5250 nouo
350 5176 476 5250 angelum
491 5177 568 5248 pacis
578 5177 613 5231 avi
627 5190 675 5232 eos
688 5175 814 5231 duximus
830 5175 886 5234 dest
892 5172 969 5228 inan·
1018 5149 1081 5242 ΙΨ·
1092 5133 1149 5190 ἱωο
1161 5131 1258 5189 ‘mnu'
1272 5145 1354 5240 (ΙΨ
1375 5129 1507 5188 mm
1521 5127 1594 5234 {³⁰⁰²
1609 5128 1702 5200 dem
1727 5132 1811 5236 Μ’

178 5274 253 5328 dutn.
270 5268 359 5337 linde,
379 5277 440 5341 pest
461 5284 524 5324 eum
541 5268 587 5338 qtti
605 5267 697 5338 dirigit
724 5280 835 5338 gressus
848 5271 966 5330 nostros,
1018 5237 1092 5283 ”⁰¹¹⁰
1113 5240 1264 5298 ‘mmmm‘
1290 5223 1429 5290 mmm„
1454 5236 1595 5293 q¹¹⁰⁰'²¹¹¹¹
1616 5231 1698 5294 ΡΜ
1719 5222 1811 5280 ‘mm'

179 5375 233 5420 m
248 5363 450 5420 mammam,
467 5361 629 5417 ,scribimus
641 5358 769 5432 prophan
780 5357 851 5430 quod
866 5357 894 5413 in
908 5367 968 5413 m·
1016 5335 1094 5386 muts,
1110 5317 1138 5375 in
1161 5317 1237 5375 brevi
1253 5315 1442 5373 terminabitur
1464 5315 1541 5372 labor
1565 5323 1627 5374 tuus
1649 5315 1682 5372 ati
1706 5314 1810 5372 esalta·

180 5464 239 5512 tuor
254 5454 364 5528 perlici
385 5453 499 5524 gratiam
515 5454 541 5509 iu
556 5453 682 5510 manibus
698 5452 753 5508 tuis
773 5450 911 5524 negotium
924 5457 968 5505 est

179 5547 286 5618 imperii
301 5554 502 5618 prosperatum,
513 5560 575 5600 cum
584 5559 667 5615 opere
681 5544 784 5617 pariter
796 5552 824 5600 et
838 5556 967 5600 sermone

179 5639 339 5696 sitatis-simo
353 5640 380 5696 in
389 5638 498 5696 cbristo
508 5637 563 5694 filio
577 5637 778 5714 nostro-illustri
795 5637 852 5709 reti
866 5633 960 5694 ottoni

216 5771 274 5846 (li)
286 5771 354 5832 vide
365 5785 446 5842 sopra
459 5773 529 5845 epist
541 5772 586 5830 ta.
1052 5759 1198 5838 (idiilitlo
1212 5774 1293 5834 supra
1306 5757 1443 5832 episimo.

1017 5512 1071 5559 tua
1085 5503 1261 5560 fraternitatis
1275 5501 1416 5558 bonorem.

1054 5607 1151 5663 batum
1163 5603 1303 5674 Laterani,
1315 5605 1349 5674 {vt
1359 5601 1421 5661 llal.
1438 5601 1537 5672 ilartii,
1552 5613 1623 5659 anne
1635 5607 1726 5658 testo.

1018 5411 1120 5468 tiottem
1150 5409 1223 5467 sedis
1251 5407 1423 5480 apostolicae,
1454 5415 1628 5479 augmentum
1651 5405 1758 5478 imperii
1781 5415 1810 5462 et
1907 5431 1911 5436 ·
