4109 6325
301 310 372 368 asna
713 307 883 366 urrunnun
903 285 950 366 io
969 311 1204 372 uenustonuu
1225 315 1372 373 intortus
1393 315 1525 374 utnuos.
1867 325 1940 383 reor

301 425 388 497 ipsios
405 419 604 493 archiepiscopi
617 427 647 477 et
663 420 885 479 commonitionis
898 421 932 478 ad
944 438 1088 494 personam
1103 431 1127 490 Α
1142 425 1241 482 vostris
1251 429 1335 497 possit
1348 426 1375 482 in
1391 438 1469 499 parte
1486 430 1537 486 ista
1562 431 1764 502 gravaminibus
1784 435 1940 504 provideri,

300 519 360 588 eius
385 531 401 570 a
424 514 545 586 capitulo
563 513 656 578 iactae,
680 529 742 570 cum
768 515 796 570 in
816 515 957 587 priuilegio
977 517 1050 587 quod
1075 532 1091 572 a
1143 519 1391 576 auctoritatevoltis
1405 521 1578 590 praesentium
1593 522 1766 595 indulgemus
1792 541 1827 583 ne
1865 530 1938 586 ultra

300 609 501 679 predecessore
522 615 617 663 nostro
632 606 703 662 idern
720 606 984 676 capitulum'dicitnr
1004 609 1091 679 impe·
1130 605 1259 682 ‘primam
1272 625 1426 668 mansuram
1441 612 1467 668 in
1489 613 1682 683 procuratione
1699 615 1785 685 ipsius
1805 618 1873 674 sitis
1894 620 1938 688 ¹ul-

302 708 388 752 trasse
409 696 457 751 liat
475 695 577 751 mentio
592 696 626 752 de
640 695 852 752 commonitione
865 696 996 753 canonica
1021 712 1092 767 prae-
1145 705 1230 759 torius
1245 704 1382 774 predictis
1396 703 1528 760 iratribus
1538 705 1661 776 obligati,
1681 707 1730 763 scd
1746 711 1939 780 expensisillis

302 788 453 854 naittenda,
479 786 604 843 volumus
630 787 793 859 computari.
820 786 885 842 lllnd
911 798 1002 844 autem
1034 803 1095 844 om-
1146 791 1341 864 quaesudicore
1360 804 1560 849 consueveram
1575 795 1631 850 sint
1645 798 1779 864 contenti,
1794 798 1848 856 nisi
1868 799 1939 858 lorte

301 879 367 934 trino
380 877 505 934 lritolutu
524 884 694 949 reputamus,
715 877 797 949 siqui
814 876 885 933 forle
900 894 930 934 aa
946 878 1038 934 dicuni
1056 893 1090 934 et
1145 885 1289 940 lacultates
1299 884 1427 940 Ecclesiae
1453 895 1551 942 vestras
1575 887 1601 942 in
1627 896 1734 943 tantuna
1762 893 1939 948 excreverint

302 970 450 1026 donnatione
475 970 549 1042 regia
567 969 699 1040 qrrasdaau
720 983 754 1025 ex
780 968 833 1025 illis
855 968 1005 1025 obtinuisse
1026 983 1095 1041 prae·
1145 978 1217 1049 quand
1228 979 1287 1034 sine
1300 979 1468 1048 gravamine,
1485 981 1616 1053 ampliato
1627 983 1744 1040 lratrum
1759 1001 1888 1056 nurnero,
1904 989 1937 1040 ad

302 1061 409 1127 ceradis,
421 1060 501 1133 quasi
515 1061 614 1132 regalis
631 1060 784 1117 sultlimitss
794 1070 916 1131 tempore
937 1061 1095 1130 suspensio·
1144 1069 1301 1126 solvendum
1315 1070 1433 1126 deditum
1446 1074 1608 1143 procurandi
1623 1077 1734 1134 eunardi
1748 1077 1834 1150 possit
1848 1095 1937 1150 quian-

303 1155 346 1210 nis
383 1154 580 1224 archiepiscopi
613 1153 773 1223 praetendas
796 1154 870 1224 ipsas
892 1168 941 1210 sua
972 1151 1094 1225 manarit
1145 1155 1410 1233 rinserpensarnin.
2034 1163 2035 1172 ’

302 1245 463 1301 anactoritate
476 1245 613 1302 coralerre.
1316 1269 1380 1310 nunu
1398 1270 1493 1312 arsura
1508 1273 1543 1314 sr
1557 1273 1707 1316 eontsnrut
1711 1299 1780 1319 ......

469 1352 536 1394 rusa
553 1353 676 1394 crascone
694 1353 788 1396 suuerr
808 1353 930 1394 annue.
1181 1345 1237 1418 (ill
1252 1345 1364 1403 Cumad
1377 1348 1556 1417 quorumdam
1571 1349 1701 1406 malitiam
1717 1355 1936 1413 coercendumin

340 1429 397 1501 (ἥ)
417 1429 496 1486 Sicut
510 1431 590 1486 trabis
603 1441 647 1486 11¹³
660 1429 976 1497 traurnnastntlrnatit,
997 1444 1092 1486 mona·
1145 1437 1262 1496 concilio
1273 1437 1452 1494 lateranensi
1464 1438 1547 1494 multa
1562 1439 1644 1496 luerit
1668 1441 1863 1501 deliberatione
1876 1455 1934 1502 sta·
2034 1449 2035 1526 p

304 1522 350 1578 elai
372 1521 483 1593 quidam
495 1530 523 1577 ct
537 1520 661 1576 canonici
685 1521 822 1591 regulares
835 1520 973 1577 Ecclesiae
985 1535 1045 1592 quae
1060 1523 1095 1578 ad
1147 1538 1234 1584 tutum
1250 1537 1281 1586 ut
1295 1528 1647 1601 arcltiepiscopi,rpiscnpi,
1657 1533 1932 1592 arclridiaconietiam

303 1628 399 1669 eorum
413 1611 649 1685 praesentationem
664 1614 803 1682 pertinent
826 1612 853 1667 in
872 1621 918 1667 tuo
934 1613 1093 1684 episcopatu
1145 1627 1173 1676 et
1187 1619 1280 1676 decani
1294 1628 1399 1676 certum
1430 1621 1579 1678 erectionis
1596 1637 1734 1680 numerum
1758 1623 1934 1698 et'persona-

303 1704 436 1760 lralteutcs
452 1705 570 1775 proptiis
582 1705 675 1760 asinus
689 1704 819 1775 deputare
835 1704 967 1772 nituntur,
984 1717 1034 1760 nec
1055 1703 1094 1760 lbi
1146 1726 1206 1767 rum
1219 1711 1247 1767 in
1272 1710 1456 1767 Ecclesiarum
1482 1712 1684 1778 visitationibus
1712 1732 1764 1774 uon
1784 1721 1932 1786 excedant,

305 1794 402 1850 toluut
422 1795 532 1863 adeas,
554 1810 617 1854 curn
634 1804 811 1863 vacaverunt,
828 1811 960 1869 personas
981 1796 1094 1852 idoneas
1108 1785 1131 1840 Β
1144 1801 1221 1872 paria,
1237 1801 1308 1858 sieut
1323 1803 1484 1869 audiuimus,
1498 1803 1609 1874 quddam
1623 1819 1657 1862 ex
1682 1807 1819 1879 predictis
1840 1823 1934 1878 perso-
2034 1791 2035 1824 ,

303 1897 486 1958 praesentare,
515 1889 580 1959 quin
608 1890 697 1960 potius
731 1890 877 1948 occasione
907 1887 1094 1946 concessionis
1146 1892 1267 1948 nisidin
1292 1892 1424 1950 Ecclesiis
1454 1894 1552 1949 uestris
1580 1910 1755 1966 nequaquam
1779 1898 1931 1964 observant,

303 1982 484 2051 qarornmdam
509 1982 697 2052 episcoporum
723 1982 840 2038 vicarios
863 1983 895 2037 in
916 1980 957 2038 eis
981 1995 1031 2053 pto
1045 1994 1093 2037 sua
1145 1999 1278 2055 supereo
1304 1985 1489 2040 commoditati
1517 1994 1615 2042 restrae
1636 1987 1784 2044 salubriter
1807 1991 1932 2047 duximus

304 2074 449 2130 instituunt
463 2083 491 2130 et
502 2074 653 2130 destituunt
666 2073 816 2143 voluntate,
831 2075 965 2131 admissos
979 2073 1016 2128 ita
1027 2086 1094 2144 pen·
1145 2074 1353 2148 prouidendum.
1379 2074 1495 2145 ldeoque
1511 2075 1667 2132 discretioni
1692 2085 1792 2135 vestrae
1818 2096 1931 2151 prusenu-

304 2164 429 2221 sionibus
449 2175 596 2221 onerantes
608 2163 682 2236 quod
696 2177 748 2220 uec
762 2163 892 2221 Eccleaiis
908 2170 1095 2234 competenter
1147 2170 1213 2224 titum
1237 2169 1400 2225 auctoritate
1423 2167 1597 2226 concedimus
1626 2175 1655 2225 ut
1681 2172 1706 2227 si
1734 2173 1931 2243 praenominatae

305 2266 419 2328 possunt
437 2271 492 2327 pra
512 2265 671 2328 paupertate
694 2257 779 2312 nimia
800 2257 949 2322 deservire,
966 2271 1017 2312 nec
1031 2255 1093 2326 epi·
1146 2275 1420 2330 personaenumerum
1431 2261 1580 2318 evectionis
1593 2271 1620 2318 et
1632 2278 1812 2334 personarum
1827 2267 1853 2320 in
1870 2281 1929 2322 con·

304 2362 388 2419 idolio
403 2348 431 2404 in
443 2349 645 2420 episcopalibus
663 2349 836 2419 reddidere,
851 2362 901 2405 ¹¹0⁰
918 2346 1094 2418 ltospitalita·
1145 2352 1210 2409 cilio
1220 2353 1409 2420 constitutum,
1421 2369 1482 2410 curn
1493 2355 1631 2412 Ecclesias
1649 2355 1774 2424 visitant,
1805 2357 1931 2414 excedere

306 2449 373 2506 tem,
391 2443 470 2509 ‚sicut
496 2441 634 2508 convenit,
652 2441 858 2497 transeuntibus
873 2440 1017 2511 lantpertiri.
1041 2437 1095 2494 llo·
1145 2439 1215 2498 sorta
1230 2442 1462 2512 praesumpserint,
1476 2451 1504 2499 et
1513 2458 1563 2514 pro
1573 2443 1625 2501 illis
1641 2446 1863 2516 procurationem
1873 2462 1930 2502 exe-

306 2529 393 2588 lentes
405 2540 497 2588 autern
513 2542 543 2588 ut
557 2541 646 2589 status
661 2532 845 2590 Ecclesiarum
856 2531 966 2588 deuitus
981 2539 1010 2588 ct
1023 2531 1095 2586 anti·
1145 2531 1245 2604 gerini,
1262 2532 1378 2589 litterum
1390 2535 1425 2589 sit
1438 2535 1515 2591 voltis
1530 2537 1696 2594 auctoritate
1712 2537 1860 2608 apostolica
1887 2539 1931 2596 de·

306 2639 377 2693 uuus
390 2637 438 2694 per
460 2623 572 2696 alicujus
586 2624 758 2682 insolentiam
780 2625 965 2692 subvertatur,
980 2627 1095 2679 manda·
1145 2637 1256 2696 negare.
1273 2625 1343 2680 Etsi
1359 2633 1472 2694 propter
1497 2625 1549 2682 lroc
1562 2627 1590 2683 ia
1616 2626 1750 2684 ecclesias
1772 2639 1876 2684 vestras
1892 2630 1932 2684 vel

305 2734 368 2776 ntus
382 2728 526 2789 qtratcnus,
537 2718 590 2776 taisi
601 2733 617 2775 a
629 2717 820 2789 iurisdictione
833 2727 879 2774 tua
892 2724 1026 2790 exemptae
1040 2717 1095 2773 sint
1145 2715 1261 2771 clericos
1274 2715 1506 2786 vostrosaliqunut
1537 2717 1701 2774 senteutiam
1728 2719 1933 2789 promulgarint,

306 2810 1089 2882 Ecclestnsa·pradtcue,praeanissosexcmsnsstudeasra-
1145 2804 1232 2876 ipsam
1246 2804 1810 2875 auctoritateapostolicadeceruiruusuon
1829 2819 1931 2866 tencre.

306 2899 473 2956 tionalniliter
482 2900 643 2968 emendum
656 2908 684 2955 et
694 2900 745 2956 uisi
756 2899 876 2972 praelate
886 2914 1009 2971 persone
1022 2898 1096 2954 inira
1437 2939 1585 2996 maus
1600 2941 1635 2996 x·

307 3003 416 3063 mmm
441 3008 470 3048 m
501 2990 678 3098 Lmnqui
703 2993 828 3096 mcum.
851 3000 1028 3048 mmmmm
1060 2989 1095 3046 “d
1180 3030 1220 3088 De
1230 3030 1460 3102 procursationibus
1471 3031 1617 3101 inpactorum
1643 3033 1898 3102 apostolicaesedis.

306 3091 434 3138 vacantes
448 3081 586 3139 Ecclesiae
599 3083 648 3140 tuln
670 3097 804 3154 personas
820 3083 933 3138 idoneas
947 3087 1094 3150 praesenta-
1265 3137 1280 3177 Β
1484 3137 1500 3177 E
1821 3144 1826 3152 ,

306 3174 374 3240 rint,
388 3188 423 3231 es
442 3182 506 3230 tunc
519 3173 566 3230 tilti
581 3173 663 3230 liceat
675 3174 858 3245 appellatione
877 3178 981 3227 remota
999 3170 1026 3225 in
1044 3151 1130 3229 eis·c
1235 3139 1263 3179 ¹⁰
1281 3138 1301 3179 ι
1319 3137 1473 3181 mmm
1503 3138 1849 3185 mmmmm*

307 3264 368 3321 dem
385 3264 512 3321 ordinare
523 3276 654 3331 rectores,
668 3268 715 3337 qui
728 3268 768 3321 eis
789 3275 818 3323 et
828 3279 949 3336 pracesse
969 3264 1096 3320 noverint
1182 3240 1739 3341 (²5lcum⁵¹¹⁸¹³¹¹⁸¹³¹¹⁰⁸¹f³Wifflffl
1764 3240 1812 3308 ⁸⁵¹·
1839 3254 1935 3297 Μ·
2034 3228 2035 3255 ³

306 3364 335 3412 α
355 3360 502 3429 prodam
527 3358 565 3413 Μ
590 3359 662 3429 quod
685 3357 905 3415 “munuum
922 3356 1045 3433 922„an
1067 3357 1094 3415 p„
1147 3332 1211 3389 dun
1225 3330 1347 3388 debitum
1363 3331 1519 3403 apostolicae
1531 3330 1682 3399 servitutis,
1696 3332 1819 3387 ninnium
1845 3331 1936 3389 Eccle-
2034 3334 2035 3425 J

197 3450 203 3463 ·
308 3461 446 3521 mmmm
458 3447 644 3521 mjufficpum
656 3458 812 3522 metm
1147 3426 1249 3481 siarcum
1264 3424 1419 3481 sollicitudo
1431 3426 1574 3491 continua,
1588 3424 1695 3495 quoties
1705 3424 1828 3495 ipsarum
1854 3438 1936 3494 nego-

597 3564 748 3623 Tfffflffi
765 3564 812 3621 Π·
1147 3621 1222 3674 nere,
1232 3604 1387 3678 periratres
1413 3616 1523 3664 trostros
1537 3620 1569 3661 ea
1583 3607 1719 3680 expedire,
1737 3606 1934 3679 compellimur.

413 3682 454 3739 de
466 3682 694 3754 procurationibus
709 3698 760 3737 non
775 3682 988 3754 onpnttttlotttit't·
1147 3713 1216 3770 quus
1229 3712 1244 3753 a
1256 3707 1349 3754 nostro
1363 3698 1449 3754 latere
1465 3699 1641 3766 destinamus,
1655 3700 1728 3757 illius
1742 3699 1894 3768 cretrtplttm
1910 3698 1934 3751 in

397 3790 461 3831 aneu
481 3790 577 3833 assurt
596 3789 632 3831 sn
650 3789 800 3831 convertant
818 3789 1006 3831 recusarunt.
1149 3791 1200 3846 nae
1215 3796 1293 3860 parte
1307 3788 1392 3845 secuti
1408 3788 1454 3858 qui
1466 3788 1608 3860 discipulis
1619 3790 1680 3846 suis
1694 3790 1721 3845 in
1734 3790 1867 3845 anundum
1877 3787 1936 3842 uni-

345 3891 402 3963 (π)
421 3892 528 3959 Quanto
539 3890 664 3946 Creatori
679 3899 773 3946 nostro
784 3889 834 3945 sub
850 3887 990 3961 religionis
1001 3886 1095 3944 lraltitu
1147 3896 1254 3939 versum
1273 3881 1452 3949 transmissis,
1469 3880 1525 3952 ipse
1548 3881 1574 3935 iu
1602 3882 1692 3938 medio
1715 3889 1798 3938 terrae
1823 3880 1935 3936 salutent

1147 3516 1192 3570 tiis
1203 3514 1394 3586 promovendis
1405 3528 1460 3571 non
1475 3528 1618 3586 possumus
1643 3515 1826 3587 personaliter
1850 3516 1936 3573 immi-
2034 3538 2035 3547 2

309 3984 414 4041 astricti
427 3983 493 4039 estis
507 3981 633 4038 devotius
647 3980 783 4047 lamulari,
801 3990 876 4035 tantu
893 3979 1034 4036 sollicitius
1046 3993 1096 4035 nos
1147 3974 1198 4028 luit
1209 3974 1387 4044 personaliter
1401 3980 1542 4043 operatus.
1559 3973 1629 4029 llinc
1644 3974 1769 4044 estquod
1781 3986 1936 4042 cumnupcr

308 4067 1096 4146 corrrcnitprouiderenepcrimmoderatilronorisssraui·
1147 4068 1275 4123 ditertnrn
1289 4066 1371 4121 liliam
1383 4064 1414 4122 B.
1432 4065 1500 4122 tituli
1516 4064 1610 4123 Sancti
1622 4066 1695 4123 Petri
1708 4064 1867 4121 adliucula
1878 4078 1937 4137 pre·
2034 4130 2035 4133 Ἴ

310 4180 393 4227 tatem
403 4169 574 4239 aliquatenus
584 4167 669 4238 possit
681 4168 709 4223 in
721 4167 798 4224 voltis
806 4166 949 4223 monastici
958 4166 1096 4237 proiectus
1146 4160 1286 4231 sltyternm
1301 4157 1479 4226 cardinalem,
1492 4160 1649 4231 apostolicae
1662 4158 1735 4215 sedis
1744 4160 1876 4230 legatum,
1889 4171 1937 4228 pro

309 4264 414 4319 ordinis
426 4262 560 4330 impediri,
571 4260 733 4332 Accepimus
743 4270 846 4325 autem,
858 4258 1097 4330 delsdlssllislffln·
1148 4250 1261 4321 negotiis
1277 4248 1652 4307 EcclesiaeittLombardiam
1668 4250 1829 4307 duxerimus
1854 4248 1937 4305 desil-

309 4350 393 4415 tiltus,
402 4350 473 4419 quand
487 4351 521 4404 alt
535 4350 593 4417 ipso
606 4350 704 4405 domus
713 4359 811 4406 restrae
826 4348 994 4407 lundationis
1017 4363 1097 4404 exor-
1147 4346 1265 4401 nandum
1279 4344 1347 4416 (ad),
1363 4354 1391 4401 ct
1401 4346 1424 4401 is
1437 4353 1556 4401 uestram
1570 4345 1708 4400 ciuitatem
1721 4343 1863 4416 ingressus
1876 4356 1937 4412 pro

309 4438 355 4493 dio
369 4441 404 4493 de
416 4436 569 4493 laudaturis
584 4438 724 4493 voluntate
752 4437 888 4509 processit
914 4448 945 4494 ut
967 4438 1096 4494 l'ratrilrus
1111 4482 1135 4537 D
1149 4434 1304 4491 curationes
1319 4449 1335 4489 a
1348 4436 1426 4489 voltis
1441 4434 1563 4504 exigeret
1574 4448 1635 4503 quac
1652 4443 1854 4511 consueverunt
1873 4446 1937 4503 apo-

308 4530 397 4586 sancti
414 4528 506 4585 lreuaei
519 4528 739 4600 procurationem
767 4544 847 4584 unam
876 4530 956 4587 annis
980 4530 1095 4601 singulis
1148 4526 1251 4582 stolicae
1265 4526 1337 4581 sedis
1356 4524 1448 4596 legatis
1468 4533 1495 4580 ct
1517 4525 1622 4580 nuntiis
1647 4524 1783 4589 exhiberi,
1804 4538 1852 4579 ros
1887 4538 1937 4577 nnn
2034 4524 2035 4601 J

308 4620 459 4678 lilneraliter
472 4621 647 4690 exhiberetis,
661 4636 723 4678 eum
739 4632 828 4679 terras
839 4623 881 4681 rel
893 4624 1016 4681 redditus
1042 4640 1096 4680 nnn
1148 4619 1318 4675 attcrtdeutes
1330 4618 1402 4687 qnod
1417 4616 1517 4673 dicitur
1529 4618 1563 4673 ab
1573 4615 1725 4688 Apostolo:
1743 4616 1776 4673 Si
1797 4616 1869 4671 coiis
1886 4618 1939 4685 spi·
2034 4682 2035 4693 ,

311 4712 426 4767 teneatis
443 4710 478 4766 alt
492 4710 533 4767 eis
545 4719 655 4783 propter
676 4726 745 4783 qnos
758 4712 913 4782 hujusmodi
939 4715 1097 4785 procuratio
1148 4712 1258 4767 ritualia
1281 4710 1480 4775 seminavimus,
1502 4702 1554 4763 non
1575 4717 1612 4765 est
1634 4724 1759 4777 ntnpnurn
1772 4707 1795 4761 ai
1819 4707 1938 4760 cornuin
2034 4714 2035 4723 ²

309 4802 377 4871 ipsis
391 4802 489 4859 debeat
502 4802 634 4859 exhiberi.
654 4801 754 4860 Verum
766 4813 832 4861 tuuc
844 4806 974 4876 temporis
987 4816 1098 4877 propter
1148 4816 1232 4861 nestra
1251 4814 1377 4858 uaeramus
1388 4800 1414 4872 (l
1426 4802 1489 4857 Cor.
1502 4802 1553 4872 rx),
1575 4817 1609 4858 ne
1619 4816 1668 4858 vos
1680 4802 1715 4857 ad
1725 4816 1795 4857 onus
1809 4816 1939 4871 procura·
2034 4866 2035 4889 ,

313 4895 428 4951 fratrum
440 4904 467 4950 et
477 4894 652 4951 servientium
667 4895 830 4964 paucitatem
846 4898 956 4954 domum
977 4908 1097 4955 vestram
1149 4896 1368 4960 tionisarctaret‚
1384 4891 1465 4948 nisia
1482 4891 1620 4947 canonicis
1635 4890 1747 4961 majoris
1763 4888 1891 4946 ecclesiae
1911 4904 1939 4943 se
2034 4892 2035 4931 1

307 4987 430 5045 exhibita
443 4988 600 5059 procuratio
610 5000 663 5044 non
677 4989 822 5060 gratulant,
837 5006 899 5046 cum
911 4991 979 5046 lines
996 4992 1096 5047 levium
1148 4988 1251 5044 laceret
1261 4993 1340 5040 antea
1357 4984 1508 5055 procurari,
1520 4984 1612 5039 sedem
1627 4982 1804 5053 apostolicam
1817 4981 1939 5052 appella·

308 5092 361 5135 non
374 5079 520 5135 morderet
530 5094 724 5150 expensarum.
751 5080 804 5137 Sed
833 5096 906 5137 nunc
929 5090 1033 5137 tanturn
1060 5083 1097 5139 ilti
1148 5080 1209 5146 stis,
1225 5084 1252 5134 et
1265 5078 1336 5133 sieut
1348 5075 1420 5131 idern
1436 5075 1584 5130 cardinalis
1598 5089 1721 5145 persnas
1733 5074 1816 5130 nobis
1834 5075 1939 5129 litteras

309 5171 431 5225 excreuit
445 5172 748 5229 numerussertitorum
771 5182 800 5229 et
817 5171 934 5228 iratrutn
957 5176 1030 5245 quod
1062 5176 1095 5229 ad
1148 5169 1293 5236 intimavit,
1312 5169 1339 5224 in
1354 5168 1415 5225 aliis
1428 5170 1510 5225 etiarn
1522 5184 1575 5225 non
1597 5167 1734 5225 modicum
1746 5166 1874 5239 injuriosi
1889 5165 1941 5219 lui-

309 5259 461 5317 laciendam
476 5264 696 5333 procurationem
705 5264 751 5320 vix
777 5265 857 5322 modo
881 5276 999 5336 quatuor
1024 5281 1097 5320 mar·
1148 5263 1217 5319 stis:
1233 5270 1343 5333 proptor
1354 5262 1425 5331 quod
1436 5260 1527 5315 dilecti
1540 5260 1587 5316 dlii
1599 5260 1761 5332 parapositus
1773 5258 1870 5313 Sancti
1886 5255 1941 5311 lia·
2034 5278 2035 5309 a

309 5341 739 5426 chaesulliccrentpuaeprouna
763 5355 928 5413 sullicienter
945 5357 1004 5413 deri
1030 5372 1097 5413 con·
1149 5354 1301 5411 zariietll.
1326 5354 1474 5409 canonicus
1499 5353 1592 5408 Sancti
1623 5351 1754 5423 Steplrani
1778 5352 1886 5423 syndici
1914 5361 1940 5404 et
2034 5378 2035 5437 4

324 5433 762 5522 neviudter'poperapostolicae
783 5450 974 5512 sollicitudinis
1002 5466 1096 5507 curam
1148 5458 1339 5520 procuratores
1354 5446 1436 5503 vestri
1450 5446 1585 5502 adsedem
1598 5444 1775 5515 apostolicam
1796 5444 1942 5499 venientes

347 5604 403 5671 (ᾗ)
415 5604 476 5661 Lib.
489 5620 520 5671 u,
534 5603 616 5675 epist.
629 5605 656 5659 5.
1184 5606 1241 5676 (οὔ)
1255 5606 1316 5663 tio.
1330 5622 1349 5671 r,
1365 5604 1444 5675 epist.
1456 5604 1518 5661 588.

346 5674 402 5741 (23)
414 5674 476 5730 ld).
487 5690 517 5738 u,
529 5673 610 5742 epist.
626 5674 689 5731 lid.
1183 5678 1240 5750 pili)
1259 5676 1323 5733 llide
1338 5677 1385 5732 lib.
1403 5676 1467 5731 ulie
1483 5672 1627 5732 concordia
1639 5688 1693 5729 suc.
1711 5683 1739 5729 et
1750 5673 1862 5743 imper..
1875 5680 1940 5738 rap.

346 5743 403 5814 οἰδ)
418 5744 482 5815 Cap.
499 5745 564 5798 Cnrn
577 5744 772 5816 adnuerunt,
784 5746 820 5805 lic
833 5762 935 5804 auccss.
950 5747 1056 5818 ptraelat.
1149 5748 1193 5817 il,
1209 5748 1223 5819 ξ
1240 5748 1254 5803 l
1269 5756 1366 5819 etseq.
