4109 6325
263 348 316 414 685
708 340 906 403 inuenerint
925 341 960 398 lll
977 342 1031 399 Pl'.
1048 342 1287 403 necestoubit
1304 342 1370 401 titi.
1390 343 1448 399 xt'.
1840 345 1895 403 684

266 484 277 521 ι
296 464 431 538 solutoris
442 458 635 519 monasterium
646 457 784 515 detinetur
797 472 906 513 manum
918 470 1056 528 apponere
1068 485 1092 545 Δ
1107 465 1135 512 et
1155 454 1231 511 l‘auli
1244 455 1427 527 apostoloram
1456 455 1515 525 eius
1540 465 1567 512 et
1581 455 1680 512 summi
1706 458 1843 527 pontibeis
1865 476 1897 517 re

268 576 279 611 ι
297 557 407 614 Clusina
435 550 555 608 Ecclesia
570 548 741 605 contradicat
758 546 810 603 nisi
839 548 939 603 lactum
961 544 1053 615 liujus·
1105 547 1896 625 uoueritinrursurum.contradictoresveroetapraetata

268 666 277 699 t
297 647 369 703 modi
391 640 540 715 apostolico
564 640 714 695 munimine
729 640 881 705 roboretur,
895 653 946 695 nos
964 638 991 693 id
1002 648 1054 693 tuas
1104 638 1191 695 forma
1207 639 1367 707 resilientes,
1384 640 1456 696 sicut
1467 641 1494 699 iu
1518 642 1654 699 mandatis
1666 644 1836 715 accepimus,
1849 661 1897 717 ap·

268 753 279 789 ι
295 733 471 792 discretionis
485 730 636 803 prodentia
659 731 870 796 committentes,
884 745 933 803 per
946 737 1055 801 aposto-
1105 728 1249 801 pellatione
1266 739 1402 796 cessante,
1424 734 1715 790 excommunicationis
1734 737 1845 793 uinculo
1856 739 1898 795 iu-

268 843 278 879 ι
301 825 354 881 lica
378 823 426 879 tibi
452 824 552 892 scripta
577 823 739 879 mandamus
753 833 901 893 quatenus,
925 821 1055 892 inquisita
1106 824 1251 879 nodamus.
1278 822 1460 879 llndeaetum
1484 832 1528 880 est
1546 825 1599 881 hoc
1615 841 1687 882 anno
1701 827 1898 885 incarnationis

267 934 279 969 r
298 929 380 985 super
395 912 428 968 iis
442 914 570 969 omnibus
585 913 741 985 diligentius
756 914 882 979 veritate,
893 914 965 985 quod
980 914 1055 969 utili·
1105 914 1254 972 bonrinicae
1268 916 1348 982 tait,
1364 914 1513 972 indictione
1537 933 1603 985 xm,
1621 920 1666 975 die
1687 930 1765 978 sexto
1781 932 1898 978 exeunte

267 1027 278 1060 ι
297 1007 344 1062 tati
358 1004 485 1062 Ecclesiae
508 1007 650 1075 utriusque
677 1006 824 1063 secundum
840 1006 925 1062 Deum
947 1005 1057 1061 noveris
1107 1010 1343 1066 manselauuarii.
1355 1010 1538 1067 interluerunt
1551 1010 1895 1069 dominusblbertusBru·

267 1098 436 1170 «expedire,
462 1105 555 1153 nostra
581 1097 854 1165 lretusauctoritata,
875 1096 1056 1171 appellatione
1106 1104 1376 1162 sutttsllorariensis
1401 1104 1561 1169 canonicus,
1588 1104 1716 1162 (laurinus
1745 1106 1898 1176 Raynerios

268 1209 278 1243 ι
300 1198 415 1255 remma,
428 1197 533 1243 statuas
548 1196 576 1243 et
591 1187 676 1243 iacias
689 1187 761 1259 quod
776 1190 908 1244 statueris
927 1203 985 1267 per
989 1204 1056 1246 carr·
1107 1195 1191 1252 abbas
1203 1194 1433 1261 Fructuariensls,
1447 1194 1572 1249 dominus
1583 1192 1780 1250 Willelmusde
1792 1193 1897 1263 Fibinis

267 1296 388 1337 rsuram
406 1276 908 1337 eeclesiasticamltrmiterobservari.
925 1300 935 1334 r
1107 1289 1256 1343 monacbur
1278 1286 1381 1352 Tilieti,
1406 1296 1435 1343 et
1459 1289 1576 1344 domnus
1600 1286 1721 1343 ioannes
1745 1289 1897 1345 monachus

304 1390 314 1423 ι
332 1372 428 1427 batum
440 1370 579 1439 Laterani,
593 1387 644 1428 utri
657 1371 718 1429 llal.
731 1371 868 1440 tannarii,
881 1370 1056 1471 pontificatus
1105 1377 1271 1445 Casmnorae,
1285 1390 1313 1435 et
1330 1378 1377 1434 alii
1396 1378 1497 1451 plures.
1518 1378 1595 1435 llnda
1609 1378 1687 1449 plura
1715 1380 1896 1436 instrumenta

268 1463 378 1519 irrostri
404 1478 475 1519 anno
492 1462 731 1519 tertiodecimo.»
1108 1467 1178 1523 idenr
1199 1468 1325 1525 dominus
1352 1470 1455 1527 electus
1481 1486 1537 1526 uuo
1563 1479 1669 1538 tenore,
1694 1471 1765 1527 sicut
1783 1484 1897 1526 necesse

301 1554 356 1611 llos
389 1554 471 1627 igitur
506 1554 640 1610 mandatis
678 1551 833 1625 apostolicis
871 1554 897 1609 in
930 1554 1058 1613 omnibus
1109 1557 1200 1626 luerit,
1222 1559 1281 1614 llcri
1304 1562 1443 1633 praecepit.
1472 1562 1528 1634 Epo
1555 1561 1640 1617 Guala
1666 1561 1795 1617 llurieula
1822 1559 1897 1617 sacri

265 1655 293 1703 et
321 1662 370 1717 per
393 1648 503 1713 omnia,
527 1646 598 1703 sieut
628 1645 772 1711 condecet,
798 1660 893 1715 parere
920 1647 1056 1717 uolentes,
1108 1648 1200 1721 palatii
1211 1651 1333 1706 notarius
1347 1652 1419 1708 bane
1431 1654 1593 1709 chartulam
1605 1652 1639 1710 da
1655 1655 1781 1711 mandato
1795 1652 1898 1723 praedi·

266 1737 385 1812 prelatas
406 1738 513 1795 unionis
534 1739 714 1794 instrumento
737 1737 798 1793 riso
817 1748 844 1794 et
858 1740 1003 1811 diligenter
1015 1742 1058 1797 in·
1109 1742 1146 1797 cti
1157 1743 1258 1799 domiui
1274 1742 1352 1799 electi
1365 1746 1461 1817 scripsi
1487 1753 1515 1801 et
1540 1743 1700 1813 subscripsi.
1722 1742 1795 1798 ttutti
1819 1756 1898 1813 erqo,

266 1840 377 1901 specto,
408 1832 480 1903 quod
502 1847 550 1901 per
575 1829 803 1887 tiartnotomaemn
826 1832 974 1903 imperialis
991 1834 1060 1888 atalae
1075 1840 1175 1900 liete,
1190 1834 1413 1902 consumationis,
1428 1846 1495 1902 ete,
1510 1852 1591 1907 usque
1607 1837 1791 1890 incursurum.

265 1926 401 1982 notarium
426 1924 579 1982 conlectum
611 1939 672 1981 esse
696 1923 862 1991 constabat,
887 1940 947 1996 quse
973 1926 999 1981 in
1027 1940 1060 1981 eo
1147 1927 1244 1982 ilatum
1260 1926 1372 1997 Signiae,
1387 1944 1412 1983 ιι
1439 1928 1498 1983 liul.
1521 1930 1697 2001 septembris,
1725 1924 1898 1999 pontilicatoa

267 2019 442 2075 ruminentur
464 2018 594 2074 canonice
614 2027 641 2073 et
661 2018 780 2089 legitime
809 2018 880 2073 laeta
908 2020 1061 2089 approbari·
1111 2019 1196 2074 nostri
1211 2034 1284 2075 auno
1299 2018 1405 2075 decimo
1420 2020 1526 2090 quinto.

267 2126 319 2185 pes,
341 2111 411 2166 sicut
434 2108 506 2165 inter
526 2108 718 2167 contrahentes
738 2110 873 2167 sancitum
893 2117 989 2165 estet
1010 2119 1062 2166 sta-
1360 2144 1363 2152 »
1450 2134 1562 2191 fflqp

265 2208 370 2265 tutum,
400 2198 506 2270 praelati
541 2200 715 2257 instrumenti
748 2209 870 2258 tenorem
899 2202 1062 2257 auctoritate

265 2291 430 2363 apostolica,
449 2307 501 2362 qua
524 2290 662 2364 fungimur
676 2295 704 2353 in
719 2294 770 2350 bae
796 2302 884 2365 parte,
913 2294 1061 2351 conllrma-

265 2400 339 2453 mus,
359 2385 518 2455 adjicientes
533 2394 560 2443 et
573 2394 724 2443 statuentes
748 2395 778 2441 ut
796 2385 938 2441 duodecim
958 2385 1060 2443 tratres

265 2488 292 2535 et
305 2480 380 2551 prior
400 2495 461 2536 cum
480 2480 520 2537 eis
537 2481 587 2536 stab
600 2478 703 2550 Regula
719 2477 792 2533 beati
809 2476 946 2533 Benedicti
969 2489 996 2536 et
1008 2482 1060 2537 sub
1269 2452 1392 2527 (silim
1411 2472 1448 2511 *¹¹
1466 2456 1528 2512 ¹⁶⁰⁵
1548 2455 1739 2527 S⁰P¹⁰fflbl³⁵d

266 2572 407 2642 disciplina
431 2579 459 2625 et
479 2569 611 2641 regimine
639 2567 742 2625 Clusini
770 2569 930 2624 monasterii
955 2570 1058 2625 ibidem
1145 2567 1251 2625 Cuntte
1273 2569 1503 2626 abartirolomaeo
1528 2568 1689 2638 injuriarum
1715 2571 1899 2628 actioneooo-

1323 2242 1449 2283 birmento
1464 2243 1551 2285 utttrt
1566 2244 1600 2283 DE
1613 2244 1687 2284 uteo.

1346 2340 1499 2397 demittitur
1507 2345 1531 2398 ei
1542 2342 1667 2412 infamio.

266 2666 322 2719 beo
343 2662 469 2719 servituri
500 2670 632 2731 perpetuo
659 2670 799 2725 manicant;
826 2660 950 2732 itaquod
974 2662 1059 2719 abbas
1110 2668 1240 2728 rentum,
1269 2675 1302 2718 eo
1321 2663 1393 2731 quod
1412 2664 1516 2721 dixeris
1536 2679 1635 2736 equum
1656 2674 1731 2719 tuum
1756 2680 1810 2719 nou
1836 2678 1900 2719 esse

265 2752 393 2811 Clusinus
408 2749 549 2823 praelatum
565 2750 682 2819 priorem
699 2750 725 2806 in
740 2751 911 2808 ordinatione
926 2752 1058 2821 spiritua-
1110 2750 1225 2808 minoris
1251 2754 1332 2822 pretii
1362 2769 1443 2824 quam
1471 2756 1584 2826 capillos
1604 2756 1706 2827 ipsius.
1726 2755 1844 2813 tacouus
1864 2757 1899 2812 de

264 2845 331 2899 lium
348 2841 579 2900 etobserratioue
594 2839 699 2896 ordinis
725 2841 761 2897 ibi
779 2842 902 2897 instituat
927 2850 956 2897 et
974 2844 1059 2899 desti·
1109 2840 1231 2899 Guarino
1243 2853 1272 2899 et
1282 2842 1315 2899 l..
1330 2845 1364 2900 do
1382 2843 1449 2901 Vico
1471 2845 1588 2916 ludices,
1614 2846 1659 2918 qui
1677 2861 1760 2918 super
1784 2847 1836 2903 boe
1850 2862 1899 2903 co-

263 2943 336 3003 tuat,
348 2934 417 2992 siem
431 2948 480 3005 per
491 2933 556 2989 alias
575 2932 705 2990 ecclesias
715 2948 762 2989 seu
777 2935 861 2990 cellas
874 2934 985 2991 Clusino
1001 2952 1058 2993 mo-
1109 2934 1287 3005 gnoscebant,
1302 2937 1329 2991 in
1348 2936 1441 2992 decem
1457 2938 1551 2994 solidis
1565 2938 1802 3005 condemnassent,
1822 2946 1850 2993 tn
1864 2938 1899 2993 ti-

264 3028 385 3087 uasterio
403 3026 528 3083 subditas
551 3026 703 3083 cousuevit
730 3026 830 3082 Verum
858 3028 921 3099 quia
945 3030 1058 3086 relectio
1108 3027 1368 3097 mensneipsorum
1382 3029 1517 3086 sententia
1538 3039 1565 3087 te
1587 3032 1827 3097 notaritinlamia,
1848 3047 1899 3103 pro

265 3119 387 3191 quasdam
417 3132 497 3188 quam
524 3114 692 3172 Taurinense
717 3118 866 3187 capitulum
893 3135 909 3176 a
941 3122 1057 3193 praelato
1109 3115 1243 3173 benellero
1256 3119 1438 3176 restitutionis
1452 3121 1487 3177 ad
1501 3120 1601 3177 lamam
1614 3124 1706 3180 sedem
1721 3124 1897 3194 apostolicam

263 3210 359 3267 Sancti
374 3207 508 3265 solutoris
523 3207 688 3264 monasterio
710 3209 738 3263 in
752 3209 928 3268 solemnitate
955 3223 1058 3286 marty·
1071 3191 1271 3277 cincinnati
1307 3207 1361 3265 Nos
1384 3219 1474 3266 autem
1502 3214 1709 3271 consideranter
1733 3217 1804 3285 quod
1828 3229 1899 3286 pene

264 3321 325 3360 rum
345 3303 490 3367 solutoris,
501 3301 665 3359 adventuris
678 3311 706 3358 et
728 3302 834 3360 beturii
855 3305 980 3377 recipere
993 3321 1058 3362 con·
1109 3299 1182 3356 nulla
1198 3300 1241 3355 rel
1257 3302 1368 3356 minima
1381 3300 1488 3359 luerit
1481 3307 1582 3376 injuria
1598 3307 1764 3378 supradicta,
1774 3309 1899 3365 uolumus

264 3398 352 3453 sutorii
370 3397 396 3453 in
423 3395 527 3452 ordinis
551 3393 735 3465 praejudicium
761 3405 788 3451 et
798 3395 934 3467 jacturam
955 3399 1057 3472 repulse
1108 3403 1136 3448 et
1149 3395 1324 3451 concedimus
1338 3396 1411 3452 teob
1434 3398 1561 3455 bootrota
1575 3399 1695 3456 iniamiae
1719 3417 1774 3457 non
1800 3401 1897 3458 teneri.

263 3493 344 3549 uobis
358 3492 456 3548 cedere
466 3489 582 3555 uidemr,
593 3488 752 3545 ordinamus
767 3499 795 3546 et
807 3491 955 3548 statuimus
966 3503 996 3548 ut
1007 3509 1057 3564 pro
1145 3486 1242 3542 batum
1258 3487 1368 3559 Signia,
1383 3505 1421 3545 uu
1437 3490 1499 3547 toris
1523 3490 1704 3563 Septembris,
1726 3492 1899 3562 pontificatus

264 3583 376 3656 praelata
387 3580 552 3638 reiectione
543 3596 600 3649 pam
612 3579 714 3635 dietum
727 3580 896 3655 'taurinense
907 3585 1056 3654 capitulum
1109 3581 1195 3636 nostri
1209 3597 1283 3638 anrro
1296 3584 1403 3641 decimo
1414 3587 1523 3657 quinto.

265 3674 719 3746 amemoratomonasterioriginti
735 3675 837 3732 solidos
851 3675 1056 3746 Segttsiensium
1473 3677 1563 3734 (ibix.

264 3775 399 3834 veterum,
413 3765 435 3820 si
452 3765 485 3820 ad
507 3765 708 3835 processionem
726 3765 831 3820 venerit
848 3765 893 3821 die
918 3765 998 3832 lesto,
1014 3782 1057 3823 re·
1143 3783 1267 3824 errscoro
1280 3784 1353 3825 uro.
1368 3785 1444 3826 rra.
1459 3786 1662 3828 aucurutacoms
1675 3744 1857 3833 contrusistis

265 3858 353 3929 oipiat
365 3855 515 3920 annuatim,
528 3864 556 3912 et
569 3855 608 3912 sic
625 3854 804 3912 arefectione
818 3857 931 3912 tacitum
947 3866 1059 3914 maneat
1266 3861 1313 3916 Eis
1327 3863 1627 3934 eourmittiturquerlrm
1646 3880 1738 3922 causo.

264 3959 295 4007 et
308 3956 525 4005 contentumzet
538 3948 595 4002 lraec
618 3947 652 4002 de
668 3947 902 4017 protestisdiebus
922 3949 993 4005 dictu
1015 3949 1058 4004 in·
1270 3949 1394 4023 (Signiae,
1416 3968 1435 4007 ιι
1455 3951 1525 4008 Nou.
1549 3952 1739 4025 Septembris.)

267 4039 433 4111 tellissuntur.
446 4037 475 4093 Si
490 4047 580 4094 tamen
605 4038 649 4094 die
664 4037 804 4094 liorninico
833 4039 933 4096 lestum
958 4041 1057 4112 prndi-
1144 4041 1219 4113 (toa)
1236 4041 1471 4111 Conquercntibus
1484 4043 1549 4097 olim
1571 4043 1677 4099 dilectis
1689 4045 1752 4101 liliis
1771 4043 1807 4099 ll.
1829 4056 1858 4100 et
1870 4043 1898 4102 l.

266 4142 341 4189 ctum
353 4130 611 4201 uenirecontigerit,
626 4131 696 4187 sicut
710 4145 724 4185 a
738 4130 825 4202 longis
841 4141 914 4186 retro
927 4133 1058 4202 tempori·
1110 4133 1288 4203 presbyteris,
1300 4133 1333 4189 G.
1348 4133 1368 4188 l.
1381 4133 1411 4188 P.
1425 4143 1453 4187 et
1465 4133 1504 4203 ll.
1521 4137 1653 4200 «liaconis,
1670 4134 1701 4190 P.
1716 4135 1739 4190 l.
1752 4146 1781 4192 et
1801 4136 1836 4190 ll.
1865 4153 1899 4194 ac

266 4222 318 4279 bus
343 4223 414 4278 inter
439 4220 632 4277 'l'aurineusem
657 4221 805 4277 Ecclesiam
827 4222 928 4292 etjam
954 4223 1056 4278 dictum
1107 4223 1267 4295 quibusdam
1282 4225 1342 4280 aliis
1363 4224 1471 4283 clericis
1485 4228 1594 4297 capellae
1617 4228 1773 4283 monasterii
1789 4226 1900 4283 Sanctae

266 4309 462 4366 monasterium
479 4317 587 4364 constat
607 4325 667 4366 esse
689 4319 818 4366 statutum
835 4319 863 4364 ct
883 4321 1055 4377 consuetum,
1108 4313 1457 4373 CmcisColimbriensisse
1472 4317 1899 4390 aprioreaeiratribusejusdem

263 4413 313 4459 uttt
323 4403 447 4460 canonici
464 4403 591 4462 intersint
602 4405 780 4474 processioni,
802 4415 850 4461 ant
866 4421 934 4471 nou,
945 4421 1057 4462 censum
1108 4408 1268 4474 monasterii
1280 4409 1368 4464 debita
1382 4409 1535 4478 provisione
1548 4410 1681 4474 fraudari,
1702 4410 1777 4479 prior
1789 4408 1901 4466 Sauctre

266 4497 326 4554 rice
345 4496 499 4554 relectionis
520 4498 653 4570 recipiant
681 4499 879 4568 supradictum.
903 4499 1057 4570 Adlicimns
1073 4497 1201 4595 1,ilarius
1209 4499 1901 4572 llontismajorisetconjudicesejus,quisuperlroc

263 4589 350 4645 ctiam
362 4599 389 4646 et
407 4589 552 4646 statuimus
567 4589 639 4660 quod
666 4591 688 4645 si
708 4589 886 4647 laurinensis
912 4591 1057 4664 episcopus
1108 4591 1594 4660 receperantscriptanostru,eosdem
1604 4593 1638 4647 ad
1646 4592 1782 4662 quoddam
1793 4593 1899 4647 beneti-

265 4680 353 4735 electo
370 4679 481 4736 Clusino
503 4687 564 4750 post
590 4678 715 4734 collatam
742 4678 794 4734 sibi
821 4681 1056 4750 continuationem
1108 4684 1180 4740 cium
1191 4698 1245 4756 quo
1262 4683 1372 4740 lucrant
1381 4685 1489 4755 spoliati
1506 4685 1687 4741 restituendos
1701 4683 1901 4741 sententialiter

267 4771 370 4827 Clusini
393 4771 563 4839 monasterii,
584 4771 702 4826 secunda
716 4777 744 4826 et
774 4772 855 4826 tertia
879 4773 1057 4843 requisitione
1107 4776 1299 4844 decreverunt,
1313 4778 1408 4833 eadem
1429 4776 1544 4848 capella,
1559 4778 1610 4832 nisi
1623 4776 1742 4848 praelatae
1754 4777 1903 4832 sententiaa

265 4861 470 4930 perinteraalla
489 4862 625 4916 decernet
644 4860 739 4916 decern
760 4860 863 4916 dierum
886 4864 1057 4934 praecedente
1107 4882 1260 4941 pareretur,
1285 4871 1423 4940 supposita
1449 4870 1603 4926 interdicto.
1632 4870 1727 4925 Priore
1755 4879 1847 4925 autem
1871 4880 1901 4926 et

234 4953 437 5042 ..saepedictam
450 4955 586 5010 abbatiam
606 4953 699 5009 Sancti
716 4953 853 5010 solutoris
870 4957 966 5025 quouis
980 4957 1058 5027 inge·
1108 4972 1242 5017 conuentu
1258 4962 1344 5017 dictas
1359 4961 1580 5020 restitutioniset
1594 4962 1732 5017 interdicti
1748 4962 1900 5017 sententias

243 5075 249 5124 .'
244 5046 643 5113 niocoultrmaredistulerit,
658 5061 711 5102 uon
731 5048 855 5102 obstante
868 5047 1057 5103 talidilatione
1108 5056 1356 5120 contemnentibus,
1374 5065 1403 5111 et
1422 5055 1632 5128 procurantibus
1654 5054 1737 5109 etium
1758 5063 1787 5108 ut
1814 5053 1899 5108 iidem

240 5128 246 5211 ζ
265 5138 503 5196 electusiilusinns
515 5148 569 5195 tum
580 5139 605 5195 in
617 5138 803 5208 spiritualibus
812 5153 892 5208 quam
903 5137 1058 5209 temporali·
1107 5147 1198 5202 clerici
1213 5157 1289 5202 stiam
1304 5147 1428 5217 persequi
1437 5146 1571 5217 justitiam
1588 5160 1642 5202 non
1655 5145 1798 5209 auderent,
1818 5159 1902 5199 rene·

244 5219 247 5226 ’
265 5231 448 5288 busettumtn
457 5231 545 5300 cupite
554 5243 635 5301 quam
646 5229 672 5284 iu
683 5229 812 5286 membris
821 5229 914 5286 Sancti
924 5227 1058 5285 solutoris
1107 5235 1186 5292 rabili
1199 5238 1276 5292 tratri
1290 5240 1524 5307 nostroepiscopo
1541 5246 1570 5293 et
1583 5236 1691 5292 dilectis
1707 5234 1770 5290 liliis
1793 5237 1901 5291 decano

266 5323 432 5396 generaliter
449 5323 631 5379 administret.
655 5321 725 5377 Nulli
751 5337 816 5393 ergo
832 5325 945 5380 omnino
968 5325 1057 5381 laomi·
1108 5329 1252 5385 etcantori
1276 5329 1487 5387 Zurrrorcnsibus
1509 5328 1634 5383 dedimus
1658 5329 1686 5382 in
1704 5327 1839 5382 iurandutis
1867 5336 1901 5380 ut

266 5431 332 5470 trum
352 5414 434 5472 liceat
461 5415 532 5470 llario
560 5415 685 5486 paginam
712 5423 810 5471 nostrae
840 5417 1057 5474 confirmationis
1107 5422 1369 5499 easdemgiaeieutcs
1397 5419 1539 5490 usquead
1563 5418 1780 5474 satisfactionem
1800 5420 1901 5476 coudi-

265 5509 324 5564 sire
338 5507 542 5564 constitutionis
560 5505 710 5578 inlringere
726 5508 768 5564 rel
784 5508 808 5564 el
824 5523 892 5566 ausu
910 5512 1056 5567 temerario
1106 5527 1187 5584 quam
1204 5511 1398 5569 iuviolabiliter
1420 5511 1573 5577 obseruari,
1587 5525 1670 5582 super
1694 5513 1756 5566 aliis
1782 5525 1899 5566 causam

266 5601 413 5656 contraire.
426 5601 515 5668 'Quod
543 5603 565 5657 si
586 5603 648 5672 quis
670 5612 807 5661 attentare
839 5605 1055 5678 presumpserit,
1107 5603 1338 5660 audireutctbue
1355 5606 1487 5662 canonico
1506 5601 1696 5660 terminarent.
1710 5604 1762 5671 Qui
1784 5604 1902 5658 rationi-

265 5689 479 5762 indigoationem
495 5695 690 5764 onmipotentis
708 5696 757 5752 bei
772 5707 800 5754 et
814 5697 954 5755 beatorum
979 5695 1054 5755 Petri
1107 5694 1282 5766 buspurtiunt
1294 5696 1400 5768 plenius
1413 5697 1572 5765 intellectis,
1582 5697 1729 5767 jamdictus
1744 5694 1903 5752 mpuritias

271 5793 273 5798 ’
303 5797 376 5875 (lbi)
393 5799 677 5874 vitationeque
694 5803 738 5860 bb.
