4109 6325
177 361 227 418 &bl
572 426 578 432 .
642 345 893 409 ronntrlcltttts
912 343 1006 402 tuno
1025 346 1096 415 llll,
1112 345 1248 404 clltttsll
1271 347 1347 405 latr.
1758 350 1810 408 502

173 489 236 531 rntn
261 473 391 530 librarum
418 469 559 543 Papiensis
581 475 710 534 monetae,
736 479 798 535 que
822 463 914 519 luerat
940 463 967 518 in
983 469 1004 527 Α
1021 471 1217 534 provocarunt,
1247 463 1453 534 appellationem
1476 471 1565 518 tanuen
1586 461 1655 516 inlra
1673 461 1810 519 biennium

173 565 375 635 compromisso
396 578 539 634 expressa.
565 559 643 616 Unde
665 556 813 628 postularit
835 555 969 610 instanter
1020 569 1073 609 non
1106 551 1215 607 lrtcruut
1244 551 1414 620 postmodum
1440 551 1586 623 prosecuti.
1612 551 1665 606 seu
1698 569 1714 608 a
1745 567 1794 608 sen

173 666 206 712 ot
217 671 268 713 ros
281 655 426 725 compellet
445 654 479 709 ad
503 652 665 708 solutionem
690 647 821 718 eiusdem,
843 655 969 717 repetens
1020 645 1102 701 tentia
1131 643 1234 715 praelati
1257 642 1396 712 Papieusis
1418 643 1535 714 episcopi
1561 643 1601 698 eis
1626 643 1701 700 licuit
1719 645 1798 716 appel

174 748 353 805 nibilominus
373 755 484 803 centurn
512 743 711 816 quinquaginta
727 738 969 808 librasPapienses
1019 736 1086 802 lare,
1113 735 1175 806 qula
1202 732 1339 802 comiato
1368 735 1488 789 secundo
1517 732 1799 804 appellaverint,sict.

175 855 245 911 quas
266 837 396 908 prolatus
421 838 554 908 magister
582 834 616 891 G.
642 833 751 888 nomine
774 831 969 888 Pacilianensis
1019 827 1130 891 dicuni,
1166 825 1193 880 itt
1223 821 1317 880 eodem
1343 837 1424 878 causa
1444 823 1511 893 ipsis
1536 839 1701 893 provocare,
1731 831 1809 888 tertie

174 928 299 987 ccclesia
315 927 428 983 dederat
449 925 572 982 ecclesiae
586 932 683 980 restrae
700 937 752 994 pro
769 925 840 978 lrono
853 923 928 992 bacis
941 930 970 978 el
1019 932 1073 973 non
1084 915 1183 974 licebat
1194 931 1202 971 t
1215 923 1309 971 eontra
1329 931 1397 986 qttos
1413 918 1496 974 etiarn
1510 918 1693 976 subdiaconus
1708 937 1813 978 memo-

175 1015 305 1086 espensis
324 1031 394 1086 quas
411 1014 515 1071 lecerat
534 1028 616 1084 super
635 1013 756 1084 praelatis
779 1013 904 1083 capitulis
917 1013 970 1068 liti·
1019 1018 1105 1076 ratus,
1131 1011 1165 1066 ad
1187 1024 1267 1080 quem
1290 1009 1339 1079 ipsi
1365 1017 1473 1064 nostras
1496 1009 1602 1068 litteras
1621 1013 1811 1084 impetrarant,

174 1109 279 1179 pand03
303 1117 331 1162 ct
353 1107 425 1178 qnod
450 1106 565 1162 ecclesia
592 1113 682 1161 restra
703 1115 844 1162 teneretur
857 1105 891 1161 ad
911 1105 971 1162 hac
1019 1117 1102 1171 super
1119 1102 1300 1157 transactione
1319 1099 1447 1170 praedicta
1471 1102 1636 1157 seutentiam
1657 1106 1813 1178 promulgo·

175 1199 254 1254 nisos
267 1204 310 1253 εει
322 1197 439 1267 probare
454 1211 504 1265 per
516 1204 599 1250 testes
613 1203 640 1250 ct
653 1209 702 1266 per
716 1195 854 1266 publicum
872 1195 971 1251 instro·
1020 1197 1069 1259 rit,
1090 1196 1124 1249 ab
1142 1193 1310 1264 impetitione
1329 1192 1449 1262 ipsorum
1469 1200 1589 1247 vestram
1608 1196 1750 1251 ecclesiam
1765 1199 1814 1254 ab·

175 1297 310 1345 ntentnnt.
331 1287 469 1360 sindicus
490 1301 556 1343 raro
570 1287 694 1343 ecclesiae
714 1296 810 1344 restrae
829 1287 971 1358 proposuit
1020 1285 1160 1342 solvendo.
1176 1283 1372 1339 Procuratores
1392 1296 1457 1336 roro
1476 1282 1678 1341 Pacilianenses
1699 1287 1814 1357 replica·

175 1397 210 1437 et
221 1381 339 1436 adverso
352 1381 426 1449 ouod
439 1381 650 1436 lustramentum
669 1381 740 1450 quod
752 1380 824 1435 idem
838 1380 972 1436 exbiboe·
1020 1385 1085 1432 runt
1103 1376 1174 1445 qtrod
1190 1373 1398 1446 appellationem
1413 1389 1495 1444 quam
1509 1375 1658 1430 emiserant
1674 1391 1689 1431 a
1705 1390 1815 1433 senteu-

174 1480 230 1536 rat,
241 1478 302 1527 crat
319 1471 429 1537 laisum,
444 1479 473 1526 ει
489 1481 657 1536 contractus,
672 1471 718 1541 qui
735 1470 926 1527 continebatur
943 1471 970 1526 in
1021 1469 1059 1522 tia
1085 1482 1165 1537 quarn
1191 1465 1319 1536 praelatus
1350 1465 1570 1537 arclriepiscopus
1599 1468 1699 1523 tulerat
1719 1477 1814 1524 contra

174 1561 233 1626 illo,
249 1575 389 1630 natuquam
404 1561 513 1617 babitus
526 1560 616 1617 luerat
631 1563 703 1618 inter
715 1571 818 1634 partes,
833 1572 861 1619 et
880 1562 903 1619 si
923 1564 972 1618 ba·
1021 1572 1069 1615 eos
1084 1558 1153 1613 inira
1170 1567 1276 1627 tempus
1294 1557 1445 1628 legirupam
1467 1557 1577 1614 lucrant
1596 1560 1747 1629 prosecuti,
1767 1562 1815 1616 sed

174 1654 250 1708 bitus
264 1661 348 1717 esset,
369 1668 423 1708 noa
438 1653 555 1710 debebat
578 1663 672 1711 tenere
694 1655 728 1711 de
748 1656 821 1727 jure,
844 1670 877 1712 eo
898 1658 971 1728 qrrod
1020 1651 1116 1706 eodem
1131 1649 1295 1719 impediente
1307 1649 1524 1720 archiepiscopo,
1542 1652 1587 1721 qui
1605 1660 1669 1707 tunc
1686 1653 1815 1723 temporis

174 1759 260 1815 snper
270 1745 467 1817 spiritualibus,
479 1761 540 1816 quae
551 1748 653 1803 remitti
665 1761 718 1804 non
732 1757 869 1818 poterant,
883 1749 971 1806 lactus
1021 1741 1092 1814 allud
1107 1741 1198 1798 sedem
1213 1739 1389 1814 ³9⁰⁸²⁰ii⁰tm
1405 1745 1571 1810 morabatur,
1595 1758 1649 1798 non
1670 1753 1815 1814 potueruut

174 1847 266 1903 emoti
287 1851 338 1892 nec
354 1836 482 1908 praefatus
504 1839 635 1908 magister
651 1839 809 1910 adponam
825 1841 969 1897 ecclesiam
985 1811 1007 1866 Β
1021 1831 1123 1901 aliquid
1137 1831 1292 1901 impetrare.
1309 1830 1386 1887 Unde
1399 1833 1463 1903 quia
1486 1833 1517 1888 lis
1536 1832 1631 1888 inlerri
1654 1835 1816 1903 sperabatur

177 1937 300 1984 vestm
311 1928 433 1997 qrrtrerat
444 1927 579 1995 obligare,
597 1943 648 1984 rec
663 1929 747 1985 ettam
762 1930 867 1986 licitum
882 1931 971 1988 linerat
1021 1924 1050 1981 io
1069 1925 1257 1981 consistorium
1276 1923 1418 1996 principis.
1439 1925 1499 1980 stuc
1512 1925 1611 1980 donno
1625 1939 1708 1980 mora
1722 1941 1815 1981 niora-

176 2016 713 2090 superretransigereiodicata.iuder
730 2022 968 2091 recommonens,
1020 2015 1101 2072 batur
1125 2013 1236 2070 intacta.
1267 2013 1404 2068 Praeterea
1430 2029 1490 2069 eum
1519 2012 1692 2084 praesentiam
1715 2013 1815 2082 indicis

175 2109 279 2165 arrditis
290 2109 333 2164 bis
345 2116 373 2164 et
388 2107 449 2163 aliis
466 2122 527 2179 qua
542 2107 650 2164 lnonrnt
666 2112 805 2181 proposita
820 2126 912 2168 eoram
925 2128 970 2181 eo,
1021 2105 1200 2163 formidarent
1217 2119 1267 2176 pro
1286 2103 1407 2161 salsitate
1429 2105 1456 2161 in
1472 2104 1577 2174 iudicio
1592 2106 1772 2176 deprebensa,
1788 2114 1814 2161 et

173 2212 204 2257 et
222 2200 468 2272 utriusquepartis
485 2199 641 2255 rationibus
662 2199 810 2272 diligenter
828 2203 969 2273 inspectis,
1022 2198 1103 2253 timor
1119 2198 1181 2254 talis
1198 2199 1329 2253 existeret
1346 2197 1392 2267 qui
1407 2197 1506 2253 cadere
1522 2205 1631 2268 poterat
1646 2197 1815 2254 inconstan·
1847 2187 1851 2196 '

174 2296 317 2366 praelatum
331 2293 456 2353 ecciesiae
467 2305 565 2352 restro
576 2297 731 2367 syndicum,
751 2297 837 2367 ipsios
849 2298 971 2355 ecclesia
1022 2296 1088 2354 ttttb
1104 2305 1118 2344 t
1136 2290 1325 2360 bt080⁰¹¹²i⁰¹¹0
1345 2289 1537 2361 ilb0¹¹³fi⁰¹¹i⁸
1556 2289 1641 2359 ipsius
1656 2289 1753 2346 metiti)
1767 2303 1814 2356 βο·

175 2388 296 2451 nomine,
315 2387 350 2442 ab
373 2387 543 2458 impetitione
563 2387 652 2458 partis
668 2388 782 2444 oilerius
801 2403 883 2458 super
901 2404 972 2459 ρη-
1022 2389 1112 2436 letatii
1133 2381 1269 2436 excusari.
1293 2380 1334 2436 Ati
1357 2381 1415 2437 ltaec
1434 2390 1524 2436 allieni
1547 2390 1710 2452 proculeiol·
1726 2389 1814 2437 vesle!

174 2477 257 2532 dictae
265 2477 388 2547 pecuariae
397 2481 550 2548 quantitate
561 2491 610 2548 per
622 2479 784 2534 sententiam
800 2478 970 2535 diffinitivam
1022 2471 1161 2542 respondit
1179 2485 1233 2525 non
1247 2485 1308 2525 esse
1326 2469 1473 2526 uerisimile
1491 2471 1564 2540 quod
1584 2471 1653 2526 inlra
1674 2473 1814 2527 biennium

175 2566 303 2621 absoluit.
322 2564 423 2623 rerum
441 2575 603 2638 procurator
624 2566 772 2637 praedictos
793 2568 971 2639 postularita
1022 2561 1230 2632 appellationem
1246 2562 1374 2632 prosequi
1392 2561 1595 2632 nequivissent,
1611 2561 1673 2631 quia
1690 2562 1754 2618 licet
1769 2563 1814 2618 ali·

174 2655 259 2710 nobis
273 2664 303 2710 ut
317 2655 783 2726 praelatassententiasauctoritate
797 2659 972 2731 dignaremur
1022 2655 1129 2725 attartdo
1151 2655 1279 2725 princeps
1300 2652 1437 2710 exstiterit
1461 2664 1620 2723 occupatus,
1645 2669 1698 2710 nou
1725 2665 1815 2711 tamen

175 2745 325 2814 apostolica
341 2745 516 2811 eonllrntare,
530 2759 563 2802 ao
578 2761 661 2818 super
675 2748 824 2818 praemissis
840 2750 911 2819 parti
924 2749 972 2803 ad·
1022 2745 1164 2801 consuerit
1178 2745 1343 2801 instantibus
1360 2742 1495 2813 iustitiam
1517 2745 1668 2816 denegare3
1689 2761 1738 2802 nec
1760 2763 1815 2801 me·

174 2851 263 2892 verses
273 2844 435 2908 perpetuum
444 2837 581 2894 siletttioot
593 2839 776 2910 inoperosum,
784 2841 859 2912 ipsos
872 2841 973 2897 nibilo-
1023 2845 1079 2891 tam
1094 2851 1173 2906 quent
1193 2835 1229 2892 ob
1248 2835 1343 2893 tritium
1363 2837 1489 2894 falsitatis
1509 2837 1685 2895 incurrebant
1699 2841 1816 2911 allegare

174 2929 269 2984 minos
286 2929 447 2998 puniremus
469 2943 518 2999 pro
538 2944 572 2985 eo
587 2930 660 3000 quaed
680 2931 867 2988 instrumentis
885 2931 971 2988 etlit-
1021 2929 1162 2996 raleltant,
1185 2943 1246 2984 conr
1269 2929 1352 2986 iidem
1376 2931 1528 3000 ltajusmodi
1547 2932 1740 2997 incusserant,
1764 2933 1816 2988 sibi

176 3021 243 3076 teris
267 3019 372 3091 pluries
397 3019 426 3074 in
448 3018 553 3088 iudicio
575 3020 684 3078 lucrant
700 3021 742 3077 usi
755 3021 850 3089 lalsis,
871 3037 972 3093 eosque
1022 3029 1134 3085 metum,
1148 3035 1197 3076 nec
1212 3035 1246 3076 ex
1261 3035 1295 3076 eo
1308 3031 1386 3078 erant
1400 3022 1571 3092 aliqrrateuus
1583 3025 1730 3079 excusandi
1746 3026 1816 3079 ιιιιιιε

174 3112 253 3168 robis
268 3112 513 3170 condemnaremus
527 3113 703 3171 nibilominus
723 3113 751 3169 in
771 3112 910 3185 expensis,
928 3129 971 3173 re·
984 3138 1008 3202 c
1023 3113 1157 3170 debebant
1169 3113 1259 3183 potius
1278 3111 1465 3169 condemnari.
1481 3111 1536 3169 llos
1549 3113 1639 3184 igitur,
1657 3114 1698 3171 lrir
1713 3124 1740 3171 et
1754 3114 1816 3171 aliia

175 3204 300 3259 vocando
321 3206 348 3259 in
370 3204 478 3261 irritum
494 3206 566 3275 qaod
580 3221 629 3277 per
641 3205 796 3263 Petracintn
818 3214 846 3261 ει
866 3206 971 3261 blacan
1022 3202 1165 3275 diligenter
1176 3202 1275 3259 auditis
1289 3218 1350 3274 utrm
1362 3212 1452 3273 partes
1467 3220 1559 3260 coram
1575 3205 1652 3261 uobis
1666 3222 1817 3277 proponere

176 3294 243 3352 dunt
260 3296 403 3352 occasione
419 3296 573 3352 litterarum
594 3295 724 3353 lalsarorn
750 3304 847 3353 contra
875 3296 969 3351 Eccle·
1021 3295 1177 3361 voluerunt,
1193 3295 1226 3351 de
1240 3295 1354 3351 consilio
1368 3295 1482 3351 lratrnm
1497 3302 1653 3351 nostrorum
1673 3297 1817 3365 praedictas

175 3387 247 3441 siam
259 3394 378 3441 nestram
388 3388 533 3442 exstiterat
551 3393 725 3443 attentatam.
740 3386 782 3441 tid
793 3387 851 3442 baec
865 3384 971 3456 praelati
1021 3386 1182 3467 sententias,
1208 3400 1263 3456 qua
1289 3384 1434 3441 manifeste
1457 3384 1630 3455 cognorimus
1645 3400 1705 3441 esso
1716 3386 1815 3456 justas,

174 3484 371 3546 procuratores
381 3475 588 3533 l‘acilianenses
602 3475 802 3547 responderunt
816 3476 889 3546 quod
906 3475 972 3533 licet
1022 3476 1191 3534 decrevimus
1214 3477 1426 3535 conllrmandas.
1453 3474 1532 3535 Nullo
1549 3492 1626 3549 ergo,
1645 3484 1711 3544 etc,
1736 3491 1829 3548 aspris.

178 3562 304 3635 praelata
322 3566 459 3621 sertuntiae
473 3566 536 3621 latae
550 3566 653 3622 luerint
666 3578 761 3623 contra
777 3579 835 3631 eos,
859 3566 909 3637 ipsi
930 3576 972 3622 ta·
1022 3566 1205 3625 incursurum.

175 3672 244 3715 naen
260 3658 424 3729 appellarant
441 3659 477 3715 ab
496 3658 560 3727 illis,
582 3670 610 3714 et
628 3662 729 3715 εεειιειιι
744 3658 916 3730 iniquitatem
929 3658 971 3713 ni-
1058 3658 1154 3713 llatum
1173 3656 1318 3724 Laterani,
1342 3672 1370 3712 tr
1391 3656 1462 3715 lion.
1481 3656 1617 3726 ianuarii,
1642 3656 1817 3731 pontillcatos

174 3746 325 3803 bilontinas
341 3748 527 3816 continebant,
546 3757 574 3805 ει
586 3750 621 3806 de
640 3750 704 3807 dolo
720 3750 849 3822 praesumi
864 3758 973 3821 poterat
1021 3748 1106 3803 nostri
1121 3762 1193 3805 anno
1208 3758 1308 3819 quarto
1327 3749 1443 3805 decimo.

175 3835 334 3901 multene,
347 3852 382 3894 eo
393 3838 467 3909 qnod
477 3845 573 3894 contra
585 3840 798 3895 transactionem
807 3840 971 3896 exstiterant
1078 3858 1083 3875 ·
1335 3838 1501 3899 cxxxttlt.

174 3928 366 4000 promulgatae.
381 3928 458 3986 Unde
469 3930 598 4001 petebant
607 3931 715 3987 easdem
729 3931 892 3988 auctoritate
907 3946 971 4003 apo·
1156 3946 1282 3989 sancero
1296 3944 1332 3988 ετ
1345 3947 1456 3988 oosronr
1472 3947 1676 3990 tncsurtnsusr.

174 4018 273 4078 etoltca
300 4019 416 4084 irritari,
449 4032 510 4075 cam
540 4018 753 4075 instrumentum
779 4020 971 4077 transactionis
1076 4020 1246 4095 Nerulparia
1258 4024 1363 4094 iudicio
1377 4028 1760 4096 eacrccuntarapresbyteris.

175 4112 262 4181 ipsios
278 4120 308 4167 ut
321 4109 420 4166 laisum
434 4125 488 4166 noo
509 4111 592 4167 luerit
615 4111 641 4167 ln
658 4110 762 4182 iudicio
780 4114 968 4182 reprobatum
1218 4113 1373 4184 (Laterani,
1390 4130 1405 4169 r
1419 4113 1456 4170 ld.
1473 4114 1620 4188 ianuarii.)

175 4203 357 4260 nibilominus
367 4203 538 4273 postulantes
552 4213 592 4267 ut,
609 4203 744 4273 praedictis
758 4204 903 4259 sententiis
919 4218 970 4259 no·
1056 4202 1132 4259 Licet
1144 4204 1213 4274 apud
1221 4204 1327 4275 judicos
1337 4204 1481 4262 saculares
1503 4206 1622 4277 vulgaria
1637 4220 1816 4268 exerceantur

176 4296 381 4361 nobstantibus,
401 4295 616 4351 transactionem
640 4295 776 4361 eamdem,
801 4310 863 4367 ortae
884 4294 971 4349 luerat
1019 4292 1132 4364 iudicia,
1153 4304 1182 4349 ιιι
1204 4309 1281 4365 aquae
1304 4294 1417 4367 frigidae,
1439 4297 1481 4351 rel
1507 4296 1572 4354 ferri
1591 4300 1744 4368 candentis,
1758 4302 1816 4356 sire

175 4400 258 4455 prena
276 4385 435 4456 pecuniaria
455 4392 484 4440 et
506 4384 671 4439 sacramenti
692 4384 823 4455 religione
845 4384 969 4449 lirmata,
1021 4384 1115 4450 duelli,
1132 4384 1287 4456 buiustnodi
1303 4394 1393 4442 tamen
1406 4386 1510 4455 iudicia
1523 4388 1646 4445 Ecclesia
1661 4406 1713 4447 non
1728 4392 1815 4446 adrni-

175 4474 823 4545 taceremusserrart‚perqaamPactbancnses
836 4484 970 4532 eteorum
985 4478 1077 4547 nsit3
1096 4492 1158 4533 curu
1182 4478 1313 4548 scripturn
1329 4478 1364 4534 sit
1384 4478 1409 4533 in
1425 4479 1484 4549 lege
1499 4479 1588 4535 divina
1604 4499 1611 4536 ε
1630 4479 1692 4537 Nou
1703 4482 1815 4539 tentabis

173 4564 293 4621 ecclesia
308 4566 343 4621 ab
355 4565 478 4621 ecclesie
489 4574 587 4621 restrae
600 4562 770 4632 subiectione
786 4566 969 4623 reddebantur
1023 4568 1166 4625 Dorticum
1186 4570 1269 4626 Deam
1281 4580 1355 4626 tuam
1369 4570 1457 4642 (beat.
1472 4572 1522 4643 u).
1545 4572 1603 4629 lloc
1622 4574 1704 4643 igitur
1722 4574 1816 4629 obser·

173 4656 322 4715 immanes.
338 4657 503 4713 Procurator
521 4670 588 4711 nero
608 4664 701 4710 nester
720 4657 861 4727 proposuit
875 4672 908 4713 ex
921 4658 969 4713 ad·
1022 4670 1095 4726 rato,
1110 4660 1182 4717 circa
1198 4662 1386 4733 purgationem
1407 4662 1559 4718 lleimboldi
1583 4664 1676 4719 latoris
1697 4678 1815 4733 praesen·

173 4764 259 4806 verso
277 4752 351 4821 qttod
374 4752 408 4807 de
428 4750 538 4821 iuribus
562 4750 761 4805 sententiarum
784 4750 892 4807 illarum
915 4768 969 4808 oon
1021 4752 1099 4819 tium,
1128 4754 1174 4822 qrri
1198 4768 1279 4823 super
1304 4753 1432 4809 heretica
1454 4753 1590 4824 pravitate
1611 4755 1744 4817 asseritur
1772 4756 1815 4811 in·

172 4848 238 4896 erat
250 4842 284 4895 de
298 4841 682 4911 ceuroinquirendum,cum
698 4842 724 4896 in
740 4856 796 4897 reru
809 4842 866 4913 iam
880 4851 970 4900 traus-
1020 4841 1147 4908 lauretus,
1174 4844 1263 4898 taliter
1285 4844 1439 4913 procedatis
1462 4845 1534 4914 quod
1556 4846 1667 4901 morbus
1689 4846 1748 4912 iste,
1768 4847 1815 4918 qui

173 4933 258 4988 ierint
269 4932 430 5002 iudicatam,
451 4942 479 4988 et
495 4934 560 4988 licet
578 4946 642 5002 pars
655 4932 780 5000 adversa,
802 4934 874 4990 sieut
895 4950 970 4990 asse-
1020 4935 1105 5005 serpit
1118 4943 1148 4989 ut
1161 4949 1270 5001 cancer,
1283 4950 1331 5005 per
1344 4943 1462 4991 rostram
1476 4936 1684 4992 sollicitudinem
1697 4940 1815 4993 circum·

172 5022 225 5087 rit,
240 5038 255 5075 a
269 5022 404 5079 sententia
417 5022 605 5079 blortariensis
622 5023 758 5093 praepositi
769 5030 797 5078 ct
810 5025 868 5096 eius
880 5024 971 5094 eonio·
1020 5035 1141 5095 spartam
1154 5025 1275 5096 perlecto
1288 5034 1413 5095 curetum
1426 5028 1460 5082 ita
1470 5028 1545 5097 quod,
1554 5043 1614 5083 curn
1625 5042 1676 5083 nec
1690 5030 1813 5099 iniquum

174 5114 249 5171 dicis
264 5114 418 5185 appellarit,
434 5114 614 5170 nibilominus
632 5123 722 5168 tarnen
740 5128 789 5183 per
807 5115 969 5174 decennium
1019 5114 1811 5187 granetiudicium,necnrisericordiadissolutaconlundat.

173 5214 204 5261 ει
225 5207 341 5278 amplius
355 5206 406 5278 ipsi
422 5205 624 5261 Pacilianenscs
635 5204 755 5274 prelata
768 5209 910 5264 sententias
921 5224 970 5280 pa·
1058 5210 1151 5264 batum
1169 5208 1306 5276 laterani,
1321 5223 1337 5260 r
1351 5208 1412 5265 ldua
1424 5208 1556 5279 ianuarii,
1579 5210 1752 5281 pontillcatus
1765 5224 1813 5267 aa·

174 5307 303 5364 ruerant,
319 5307 431 5369 propter
446 5298 518 5368 quod
530 5306 558 5352 ct
572 5296 747 5367 appellationi
762 5312 818 5354 sace
831 5313 863 5355 ac
879 5310 970 5357 trans·
1020 5300 1070 5357 stri
1089 5316 1161 5358 anno
1178 5310 1276 5357 unarto
1290 5302 1405 5357 decimo.

172 5390 291 5456 actioni,
306 5392 329 5446 si
348 5406 401 5461 quta
420 5390 493 5445 lancta
514 5389 630 5454 exstitit,
651 5391 820 5447 renuntiasse
833 5393 968 5449 ridentur.
1345 5390 1487 5452 cxltlttX.

174 5480 314 5539 Preterea
331 5498 393 5538 curn
412 5484 446 5538 de
465 5482 648 5538 instrumento
667 5483 859 5541 transactionis
879 5485 970 5541 arcbi·
1055 5502 1080 5541 r.
1099 5498 1252 5540 roarostro
1272 5499 1455 5541 mnsonueust
1478 5501 1641 5544 saaortcouo
1662 5502 1764 5544 uosrno

171 5570 322 5643 episcopus
332 5572 491 5643 cognoverit
503 5580 685 5636 memoratus.
699 5582 727 5629 et
740 5588 775 5630 eo
786 5576 971 5633 nonobstante
1161 5576 1297 5647 lleeipitnr
1307 5577 1355 5632 sab
1365 5580 1522 5645 protectione
1537 5578 1569 5635 b.
1585 5577 1660 5635 Petri

175 5664 396 5733 pronuntiaverit
404 5674 501 5721 contra
513 5667 596 5737 ipsos,
610 5664 675 5721 illud
688 5666 785 5721 merito
797 5667 971 5737 presumitur
1213 5668 1365 5740 (Laterani,
1380 5685 1406 5724 tr
1420 5669 1458 5725 ld.
1474 5668 1621 5742 ianuarii.)

175 5756 356 5827 reprobarem
376 5766 403 5815 et
426 5758 452 5814 si
476 5757 510 5815 ab
524 5758 622 5830 ipsius,
643 5754 971 5830 acemanecestriae
1056 5760 1124 5816 llum
1136 5772 1151 5817 a
1162 5760 1239 5818 nobis
1250 5760 1350 5831 petitur
1364 5760 1435 5832 quod
1447 5760 1549 5831 iustum
1563 5773 1604 5822 est
1617 5763 1812 5839 ettenorum,
