4109 6325
161 316 214 376 785
639 326 889 391 rodrtrtcsrtts
902 335 996 395 nudo
1015 340 1072 408 U,
1090 344 1228 402 ClliilSTl
1246 346 1325 405 sats.
1737 352 1789 409 iifl

159 436 326 505 clriepiscopi
343 442 371 489 et
390 433 501 505 capituli
518 434 688 497 Turonensis
711 439 762 495 lult
782 444 948 513 propositum
965 450 988 511 Α
1003 452 1077 518 dans,
1093 455 1168 511 salsa
1180 457 1255 514 sedis
1268 459 1425 529 apostolieae
1442 462 1603 521 arrcmrltate
1614 478 1665 521 nec
1678 480 1732 521 noo
1744 480 1783 521 ee·

160 544 254 586 curam
278 527 357 583 nobis
391 528 537 598 quodcum
561 532 757 587 monasterium
783 533 949 595 licilirnontis
1000 539 1091 599 cle-sire
1108 560 1205 604 vessrse
1231 546 1362 607 canoniea
1388 555 1541 612 reuerentia
1566 564 1595 613 et
1625 556 1788 614 thesaurarii

160 617 231 673 inira
257 616 422 672 Turonensis
446 616 698 689 archiepiscopatus
721 620 821 678 limites
838 626 949 682 conclu·
997 631 1116 703 justitia,
1140 636 1190 708 ipsi
1206 640 1373 697 monasterio
1386 640 1556 715 indulgendo.

159 708 252 773 datur,
269 716 324 763 tam
340 706 367 762 in
379 720 414 763 eo
428 722 510 778 quam
534 708 562 764 iu
578 708 716 767 abbatissa
731 711 948 781 iurisdictionem
992 744 998 763 ·
1035 722 1091 780 iios
1106 724 1188 797 igitur
1198 727 1300 784 auditis
1315 730 1384 786 iiset
1397 730 1459 787 ailis
1469 748 1531 804 quas
1546 736 1624 793 luere
1648 736 1788 808 proposita

159 798 340 869 episcopalem
356 796 474 855 habehat
487 800 708 873 archiepiscopus
728 815 905 875 memoratus,
920 818 948 865 et
998 827 1091 869 coram
1105 816 1499 892 nobis,cnmarclriepiscopus
1512 832 1540 880 et
1558 826 1706 897 capitutum
1731 825 1788 882 Tu·

159 906 191 947 ea
207 889 409 959 tamipseusus
424 890 603 963 iueratouam
624 894 837 965 prodecessores
852 899 947 971 ipsius.
1000 920 1116 965 rossense
1131 910 1262 967 adversus
1277 910 1443 971 abbatissam
1463 918 1699 975 esmonastertunr
1724 916 1788 975 liel-

161 980 237 1037 Uude
249 987 441 1051 procuratores
452 982 649 1056 archiepiscopi
665 992 693 1040 et
716 987 825 1058 capituli
850 1004 948 1061 propo-
998 996 1119 1054 truands
1129 1001 1164 1055 dc
1180 1017 1230 1058 suo
1240 1001 1304 1072 jure
1316 1004 1469 1071 meneriot,
1483 1008 1573 1076 quoad
1587 1009 1788 1078 possessorium

159 1072 261 1126 tacimus
283 1070 355 1141 quod
376 1084 439 1126 cunr
458 1081 530 1127 essct
545 1086 602 1128 susa
615 1075 702 1143 partis
716 1074 829 1133 intentio
843 1078 876 1133 de
885 1076 948 1147 jure
995 1086 1325 1161 junscrnm‚qu01„,mm
1340 1104 1432 1150 „pum
1446 1105 1490 1151 Μ
1503 1095 1577 1153 5⁰10,
1591 1089 1694 1169 pm,
1705 1098 1788 1155 app„

159 1162 297 1217 communi
314 1162 439 1229 fundali·
454 1164 743 1235 eiiif'delitiiffi0'108
759 1170 868 1224 &litim
881 1185 946 1240 iffi·
999 1180 1094 1235 nissam
1108 1191 1136 1236 et
1151 1193 1314 1239 consensuro
1332 1188 1489 1243 monasterii
1504 1190 1647 1259 praenotsui
1669 1190 1703 1246 de
1728 1188 1786 1244 ira·

159 1256 352 1326 bareturquod
363 1255 523 1313 duodenem
545 1253 628 1312 hlatlr.
644 1257 790 1340 abbatissae
808 1270 947 1318 monaste·
999 1280 1071 1325 trum
1085 1278 1241 1327 nostrorum
1258 1274 1373 1332 consitio
1389 1276 1614 1344 condemnantes,
1630 1277 1786 1337 lrrbihemna

158 1344 193 1401 rii
207 1346 376 1402 Bellimontis
386 1345 552 1401 Turonensis
562 1346 781 1419 archiepiscopus
790 1350 948 1408 continuas·
997 1359 1102 1416 eisdem
1117 1374 1152 1415 no
1166 1361 1317 1432 impediant
1343 1365 1578 1436 archiepiscopum
1600 1366 1787 1425 Turonenscm

157 1446 211 1503 set,
230 1446 259 1493 et
282 1450 383 1492 rnunus
419 1434 616 1493 benedictionis
643 1437 818 1509 irtrpcndisact
847 1440 947 1507 eidem,
998 1448 1361 1509 componascomnponas
1380 1454 1494 1527 nuqua
1512 1454 1711 1527 jurispjcponsp
1729 1454 1788 1529 epp.

158 1529 299 1600 ipsamque
308 1528 502 1595 obedientiam,
517 1530 697 1585 reuerentiam
709 1540 737 1585 et
751 1530 947 1601 subiectionem
997 1538 1115 1608 mapalis
1126 1540 1256 1596 esistunt.
1271 1541 1406 1600 Ceterum
1416 1560 1479 1601 cum
1503 1546 1576 1603 inter
1601 1546 1787 1619 archiepisco·

157 1636 241 1677 ruanu
260 1620 349 1693 posita
363 1635 447 1692 super
462 1618 548 1677 altare
570 1619 775 1692 archiepiscopo
800 1621 948 1695 impendis·
997 1644 1062 1701 pum
1075 1636 1104 1685 et
1117 1630 1263 1703 capitulum
1278 1631 1438 1691 Turonense
1450 1650 1484 1691 ex
1498 1646 1577 1707 parte
1589 1652 1642 1693 nna
1652 1646 1681 1693 et
1699 1652 1787 1695 soscx

156 1728 199 1781 se,
214 1727 247 1769 ac
261 1713 494 1785 archiepiscopum
512 1726 689 1769 consecrasse
703 1713 800 1780 altare,
815 1728 867 1770 nec
890 1729 944 1771 non
996 1720 1083 1777 altera
1097 1722 1242 1779 interdicto
1257 1725 1296 1779 usi
1306 1726 1453 1795 possidetis
1462 1728 1505 1784 sel
1527 1728 1561 1783 ud
1583 1726 1671 1785 luatur
1695 1728 1788 1800 potius

157 1808 266 1878 publice
277 1806 437 1877 ltaedicrisc
460 1807 487 1862 5¹¹
502 1805 618 1861 ecclesii
648 1804 825 1873 ΒθΙΙῑῐΰθΰῑῑι,
840 1817 868 1863 et
891 1806 944 1864 aliu
960 1776 1070 1869 13illius
1082 1812 1219 1883 interdicti
1231 1824 1321 1873 actum
1331 1817 1367 1873 sit
1385 1817 1414 1873 in
1437 1819 1489 1873 bac
1504 1833 1599 1886 causa,
1623 1818 1686 1889 unia
1708 1818 1787 1889 plura

157 1900 243 1956 ctiam
262 1914 325 1955 esse
343 1899 454 1970 probata
471 1913 531 1969 arras
551 1900 585 1956 ad
601 1897 820 1971 jurisdictionem
840 1898 946 1968 episco·
995 1904 1112 1974 capitula
1127 1912 1158 1959 et
1172 1906 1305 1977 maatsad
1321 1921 1378 1963 reru
1393 1907 1521 1965 laciensis
1543 1908 1649 1981 plenius
1673 1920 1702 1966 et
1728 1908 1788 1967 esl-

98 2029 103 2036 .
155 1989 244 2063 palem
265 1998 387 2061 spectare
401 2000 560 2057 noscuntur,
575 1989 705 2061 petebant
726 1988 753 2044 in
773 1988 825 2045 hoc
837 1986 945 2058 lsrreac
995 1994 1286 2067 denduspmbaristis,
1303 2002 1392 2055 rostn
1406 2013 1441 2055 eo
1456 2000 1633 2070 eopnodmns
1654 2002 1786 2071 potiores.

156 2096 207 2138 sua
218 2079 389 2152 possessione
409 2080 646 2151 archiepiscopum
670 2078 838 2145 conservari,
853 2086 882 2135 et
896 2092 945 2135 nec
995 2084 1166 2157 Quapropter
1177 2100 1227 2143 ros
1246 2087 1280 2143 ab
1290 2086 1507 2160 impetitionibus
1531 2088 1741 2163 archiepiscopi
1755 2096 1787 2146 et

156 2188 206 2251 per
218 2173 383 2229 abbatissam
403 2170 445 2227 rei
476 2172 610 2229 moniales
638 2170 808 2227 Bellimontis
833 2186 881 2226 seu
897 2166 946 2242 per
994 2174 1107 2244 capituli
1135 2172 1306 2233 Turonensis
1328 2176 1511 2244 absolventes,
1536 2178 1740 2250 archiepiscopo
1757 2188 1787 2236 et
1873 2231 1878 2239 .

158 2278 208 2319 sos
223 2261 383 2319 turbeturei
395 2262 447 2319 lrcc
462 2260 509 2331 ius
524 2270 552 2317 et
575 2276 641 2318 usus
659 2261 872 2333 jurisdictionis,
896 2262 943 2319 sed
994 2263 1114 2335 capitulo
1129 2264 1283 2322 inhibemus
1295 2279 1330 2322 ne
1349 2266 1460 2323 sorbent
1484 2266 1563 2324 vobis
1585 2268 1785 2338 possessionem

154 2355 195 2409 rui
213 2353 298 2410 libere
310 2354 493 2423 permittatur.
519 2355 559 2410 nd
582 2353 640 2411 traec
654 2353 688 2408 ab
700 2350 745 2409 W.
760 2360 797 2409 et*
816 2352 943 2407 Mstshaeo
995 2356 1022 2411 ln
1041 2354 1207 2412 monasterio
1233 2354 1416 2423 bellimontis,
1432 2356 1480 2413 sed
1494 2356 1530 2413 iis
1545 2370 1605 2428 quas
1618 2356 1653 2412 ad
1672 2356 1787 2429 iurisdi-

159 2444 306 2509 abbatisse
319 2458 351 2501 ae
363 2444 522 2501 monialium
535 2444 702 2502 lieiliruontis
717 2452 743 2500 et
756 2442 878 2501 ccclesia·
897 2458 945 2500 re-
994 2448 1114 2505 ctionem
1129 2456 1254 2519 spectare
1266 2457 1418 2504 noscuntur
1432 2447 1523 2504 rosio
1538 2448 1634 2504 eodem
1645 2446 1731 2505 libere
1742 2450 1783 2506 uti

154 2544 218 2593 strue
228 2534 451 2607 procuratoribus
461 2536 553 2591 luitex
566 2535 683 2591 adverso
697 2549 857 2605 responsum
868 2536 942 2605 quod
994 2535 1166 2607 permittant,
1175 2536 1568 2607 quastionepropstesastssau
1577 2536 1783 2613 archiepiscopo

154 2626 375 2696 archiepiscopus
386 2633 414 2682 et
428 2623 550 2683 Ecclesia
563 2623 731 2681 Turonensis
754 2624 821 2680 nihil
847 2625 944 2695 praela·
995 2636 1023 2683 et
1042 2627 1172 2684 Ecclesiae
1202 2626 1356 2683 Turonensi
1379 2635 1474 2682 contra
1501 2626 1644 2682 ecclesiam
1666 2635 1784 2685 uestram

155 2716 234 2773 tionis
251 2715 290 2773 ret
302 2716 501 2789 jurisdictionis
518 2716 545 2771 in
559 2717 726 2772 suonasterio
750 2715 884 2772 habehant
896 2731 943 2774 eo-
994 2731 1076 2789 quarn
1093 2716 1240 2774 abbatisse
1264 2731 1298 2773 ac
1325 2716 1472 2775 consensui
1498 2715 1665 2773 bellimontis
1689 2726 1786 2775 contra

153 2808 226 2875 dero,
243 2807 308 2863 etsi
339 2806 449 2878 quarrdo
473 2806 608 2876 nliqrribus
629 2806 699 2863 idem
723 2807 943 2879 archiepiscopus
993 2800 1269 2881 archiepiscoporum
1289 2807 1438 2879 capitulum
1465 2807 1633 2863 Turonensis
1645 2807 1784 2867 ,Ειιιιιιίιι

154 2897 206 2953 fuit
219 2913 284 2955 usus
299 2914 360 2969 quse
372 2896 575 2970 iurisdictionis
587 2896 705 2953 existere
722 2897 888 2964 siderentur,
903 2898 943 2955 nis
993 2908 1144 2956 reservata.
1163 2898 1235 2954 Nulli
1252 2912 1330 2970 erpo,
1341 2906 1409 2976 etc..
1427 2895 1632 2952 dillirsisioniset
1644 2895 1787 2953 iubihitio·

154 2989 368 3047 abutendonsus
393 2989 492 3056 tuerat,
511 2994 538 3045 et
553 3002 601 3059 per
626 2985 752 3056 iniuriam
777 2988 941 3059 rrsurpando.
994 2991 1048 3055 nis,
1061 2998 1128 3056 ets„
1147 3005 1230 3061 sspas
1242 2990 1426 3045 incursurum.

154 3080 269 3151 Propter
282 3081 355 3152 quod
370 3079 559 3151 querebamiui
577 3086 632 3134 taur
647 3094 696 3135 sos
707 3094 788 3149 qrram
806 3080 977 3168 abimtissac
1029 3082 1126 3138 basum
1143 3080 1282 3149 Laterani,
1297 3094 1316 3134 ιι
1332 3078 1382 3135 idi.
1397 3078 1549 3144 Februarii,
1558 3076 1730 3151 pontidcutus
1740 3092 1787 3135 nc·

153 3183 181 3228 et
205 3171 337 3229 moniales
358 3170 488 3242 prefatae,
513 3184 576 3226 cunr
596 3169 631 3226 ad
648 3167 792 3226 ecclesiam
823 3179 941 3225 restrum
996 3173 1046 3230 stri
1063 3172 1361 3244 nonodecimoquiuto

155 3263 353 3320 snonssterium
369 3261 470 3332 ipsum,
494 3259 565 3318 sicot
583 3259 759 3327 asserebatis,
780 3258 859 3330 pleno
882 3259 944 3329 juro
1031 3264 1066 3319 ln
1086 3264 1207 3320 eandm
1227 3263 1401 3333 {eremorum
1426 3262 1552 3333 scriptun
1567 3271 1606 3318 ess
1633 3260 1785 3332 superios

152 3364 301 3424 spectaret,
320 3358 503 3424 proponentes
515 3363 564 3421 per
583 3351 766 3426 depositiones
789 3358 943 3406 uestrorum
994 3355 1226 3425 archiepiscopus
1240 3351 1355 3420 mansio
1368 3350 1525 3419 Turonensi,
1537 3351 1620 3408 seriis
1633 3361 1781 3423 competes·

153 3447 265 3501 testium
278 3444 404 3500 dccrdsse
422 3442 493 3516 quod
520 3442 652 3498 moniales
679 3442 765 3512 ipsius
786 3441 944 3498 monasterii
994 3447 1159 3503 scrutatoris.

150 3537 258 3592 obitum
272 3535 417 3592 ahhutissae
430 3534 507 3592 robis
521 3534 697 3600 denuntiant,
712 3543 834 3604 petentes
859 3533 944 3590 licen·
1028 3536 1063 3591 ln
1075 3537 1193 3591 eamdem
1206 3536 1262 3608 [ere
1274 3536 1382 3592 modum
1391 3534 1516 3604 seriptsss
1526 3544 1564 3589 sss
1577 3543 1656 3602 saper
1665 3533 1715 3587 doe
1726 3533 1783 3600 spi·

151 3635 219 3680 tuarn
232 3624 361 3697 eligendi,
377 3633 403 3680 et
423 3623 564 3680 canonicis
579 3623 744 3680 auctoritate
761 3631 850 3679 restra
869 3638 941 3694 prse-
993 3641 1073 3695 scopo
1086 3623 1273 3680 Aurelianensi
1285 3623 1413 3680 etnhhasi
1427 3623 1462 3678 tls
1482 3621 1564 3678 Curis
1584 3621 1633 3678 diei
1655 3619 1784 3676 Aureliu-

150 3715 286 3782 scntibus,
306 3715 450 3772 abbatissae
465 3714 734 3782 celebraturclectio,
751 3730 811 3785 quus
825 3729 841 3770 a
864 3714 941 3771 robis
994 3715 1359 3780 nennsiioeeesis,etdesono
1371 3711 1566 3770 Sunuidsiuui
1576 3710 1784 3779 Aurelianensis,

150 3807 323 3878 postmodum
346 3805 540 3875 eontlrmatur,
565 3813 593 3863 ct
620 3814 718 3863 cantor
741 3805 874 3876 incipiens
906 3804 943 3862 Te
993 3805 1386 3874 sentiscampetsnsersnssosis,
1397 3802 1782 3876 «camerescensem

152 3896 237 3950 licusn
249 3893 400 3961 laudamus,
421 3909 564 3966 personans
579 3894 699 3952 installat
711 3894 835 3964 electam,
851 3897 894 3952 cui
908 3896 943 3954 de
994 3895 1152 3952 discretioni
1166 3906 1265 3951 vestrm
1279 3909 1329 3965 pes·
1342 3895 1488 3966 apostolica
1500 3895 1602 3966 scripta
1617 3895 1781 3950 mandamus

152 3987 285 4042 snandato
297 3994 390 4041 restro
413 3986 576 4055 promittunt
603 3987 785 4043 obedientiam
799 3988 941 4058 moniales,
993 3995 1128 4056 quatenus
1145 3984 1217 4055 quod
1231 3998 1248 4039 a
1263 3983 1341 4042 rachis
1354 3993 1396 4041 est
1417 3985 1617 4042 sententialiter
1636 3981 1782 4040 diffinitum

148 4077 229 4132 vobis
244 4085 442 4148 praesentantes
456 4077 581 4134 eandem
603 4093 663 4148 oum
675 4077 701 4132 in
725 4079 844 4150 capitmo
867 4079 943 4150 jurat
992 4073 1157 4146 faciatispcr
1167 4089 1312 4132 censuram
1325 4074 1542 4132 ecelesiasticam
1562 4073 1669 4131 sublato
1690 4073 1785 4145 appel·

151 4166 280 4223 Eeclesiss
297 4174 394 4223 restrae
408 4167 603 4234 obedientiam,
614 4167 809 4238 subjectionem
826 4178 855 4226 ct
866 4183 942 4226 rere·
994 4170 1105 4228 lationis
1118 4169 1261 4227 οΙιιιιοιιιιι
1274 4169 1471 4228 inuiolabiliter
1482 4168 1636 4227 amusan.-
1658 4165 1736 4230 tluod
1756 4168 1782 4224 sl

150 4257 267 4312 rentiam
279 4255 390 4314 Gallicis
405 4256 506 4324 scruta,
522 4258 686 4328 promittens
707 4258 742 4314 dc
767 4271 798 4316 ae
821 4274 941 4332 conque·
993 4277 1047 4320 nno
1062 4263 1311 4330 omnes,etc.,duo
1333 4271 1467 4328 sescum,
1488 4271 1541 4318 ete.
1568 4259 1623 4317 toa
1649 4260 1780 4330 denique,

148 4347 273 4405 rentibus
294 4347 424 4432 exhibere
442 4347 487 4418 jus
506 4349 587 4404 etiam
613 4363 705 4406 corarn
735 4351 813 4406 robis
835 4351 941 4422 quados
992 4353 1079 4410 lruser
1104 4353 1308 4425 archiepiscope
1352 4367 1386 4410 sc
1408 4351 1447 4408 llll
1468 4352 1576 4418 abbas,
1601 4364 1683 4419 super
1704 4349 1783 4407 vohis

149 4438 234 4493 ruerit
247 4437 389 4508 requisita,
405 4449 459 4494 eta
483 4437 559 4496 robis
581 4454 676 4496 curam
702 4441 798 4513 recipit
822 4442 937 4500 abbatias
954 4447 1136 4519 pinsinetc.

149 4527 321 4584 acbacutum
332 4529 508 4599 pastoralem,
526 4529 653 4596 chrisma,
680 4530 770 4587 oleum
798 4541 827 4588 et
848 4532 938 4605 ignem
1030 4537 1125 4591 batum
1151 4534 1289 4603 Laterani,
1308 4534 1401 4593 ldihns
1427 4533 1580 4603 Februarii,
1608 4533 1782 4604 pontidcatus

149 4635 250 4676 norum
266 4621 292 4676 in
307 4622 419 4691 pascha,
431 4636 547 4692 qrrorum
562 4621 736 4678 interdictum
745 4624 876 4700 uroniates
887 4625 938 4680 oh·
992 4628 1077 4684 nostri
1091 4641 1163 4682 anrrc
1175 4625 1396 4698 decimoquinto.

148 4721 262 4770 serrant
276 4721 304 4769 ct
325 4715 522 4771 correctionem
539 4715 694 4771 adruittunt.
710 4714 788 4772 Unde
812 4731 843 4772 se
865 4731 940 4773 asse·
1323 4714 1454 4774 CCXXX·

149 4815 241 4862 rentes
253 4805 287 4862 de
299 4807 332 4861 iis
345 4815 373 4862 et
388 4805 450 4862 aliis
464 4821 525 4878 quse
537 4805 572 4862 ad
583 4804 803 4874 jurisdictionem
820 4814 849 4863 et
858 4821 936 4862 usum
991 4821 1143 4873 senonensi,
1156 4821 1353 4872 norouacessr,
1365 4817 1525 4865 rnnonsnsr,
1538 4817 1575 4859 nr
1584 4815 1781 4860 susnsursrnar

146 4897 346 4966 jrrrtsdlctionis
364 4899 500 4969 pertinent
517 4897 747 4968 pleueprcbasse‚
772 4897 807 4954 ab
830 4897 939 4968 impeti·
1078 4912 1301 4965 ancnrsnssuorrs,
1322 4913 1358 4953 sa
1372 4911 1462 4954 eonurr
1485 4909 1688 4975 sumnscsnsrs

149 4987 225 5044 tione
235 4986 431 5059 archiepiscopi
446 4996 473 5044 et
501 4987 628 5046 Ecclesiae
641 4989 808 5046 Turonensis
834 4989 938 5046 absolui
1097 4987 1288 5060 Scrilitsrpro
1299 4993 1458 5046 monasterio
1474 4989 1669 5046 vindocinensi.

146 5080 289 5151 petebant.
301 5080 359 5138 iloc
375 5081 458 5137 ctiam
472 5081 668 5150 impetitionem
683 5091 874 5151 procuratores
893 5097 939 5139 re·
1178 5079 1330 5151 (inaurant,
1340 5097 1386 5137 ιιι
1402 5081 1462 5137 ilai.
1478 5079 1591 5142 Martii.)

144 5173 197 5228 stri
214 5171 368 5250 specialiter
382 5173 564 5238 deduxerunt,
585 5183 614 5227 ut
627 5186 689 5228 oum
707 5172 822 5230 ecclesia
846 5182 938 5231 vestra
1026 5171 1102 5228 Licet
1116 5163 1411 5240 apostolatusoblcium
1422 5186 1474 5226 nos
1485 5169 1625 5227 unirersrs
1644 5167 1779 5240 generall-

145 5263 468 5334 plonap'urisdictionein
491 5266 586 5322 codem
602 5265 767 5322 monasterio
792 5280 841 5322 usa
855 5265 936 5324 irrerit
992 5260 1352 5326 serconstituatdebitores,
1380 5259 1514 5330 religimis
1528 5269 1618 5316 tarmu
1642 5259 1778 5330 personis,

143 5365 176 5412 es
193 5365 299 5424 utatur,
312 5357 536 5429 archiepiscopus
558 5365 586 5413 et
598 5355 747 5426 capitulum
778 5355 939 5414 Turonenso
991 5364 1018 5410 ct
1032 5353 1098 5408 iocis
1115 5349 1485 5422 psaesesstmqunaosedem
1507 5350 1683 5421 apostolicam
1705 5347 1780 5403 nullo

146 5447 349 5516 posnsstoucn
362 5449 450 5504 eidern
465 5463 518 5505 non
530 5449 650 5515 turbent,
661 5447 708 5504 sed
723 5448 810 5518 ipsam
828 5461 861 5502 ea
885 5461 937 5518 pn.
991 5445 1129 5516 portinent
1139 5440 1282 5505 mediante,
1296 5439 1507 5497 sollicitudinem
1518 5449 1778 5496 terremuretcuraur

142 5537 227 5600 cilice
249 5535 289 5591 uti
311 5537 485 5606 permissuum
505 5540 655 5608 praesertim
667 5553 728 5595 curn
744 5539 821 5595 honre
833 5551 937 5594 rnenro-
991 5534 1147 5607 impeudero
1159 5529 1316 5600 specialem.
1329 5531 1402 5590 Saue
1413 5532 1504 5590 dilecti
1517 5531 1565 5588 dlii
1578 5531 1700 5588 ubbaset
1712 5543 1779 5586 con·

89 5701 99 5707 ⁶
143 5626 362 5683 riaehiexander
381 5640 448 5698 papa
465 5628 646 5697 predecessor
667 5639 758 5686 noster
780 5630 868 5686 eidem
891 5627 942 5698 p'us
991 5638 1089 5684 sentus
1120 5622 1336 5681 vindocinenses
1361 5625 1464 5683 nostris
1482 5623 1595 5680 auribus
1620 5622 1780 5679 intimarunt

154 5733 236 5774 suurn
251 5716 439 5790 recognoucrit
453 5717 480 5774 in
493 5721 656 5778 munasterio
671 5718 848 5789 licilimontis,
864 5734 939 5790 qum·
997 5721 1071 5791 qrrod
1082 5734 1143 5776 ιιιιιι
1161 5719 1358 5791 possesiones,
1377 5718 1503 5778 immines
1525 5725 1554 5775 et
1576 5713 1705 5774 caunas
1725 5712 1777 5770 ba·
