4109 6325
231 336 287 401 ddl'
686 337 882 397 tuttocsurtt
901 337 935 395 tlt
952 338 1005 396 Pr.
1025 338 1262 397 REGESTOllUll
1288 336 1352 393 Lib.
1372 333 1432 390 xt.
1802 330 1855 389 lli!

230 466 306 515 clero
318 455 384 521 boo,
398 454 512 513 lellciter
522 464 723 517 consummare,
737 466 768 508 ac
779 466 828 507 nos
840 450 1014 509 sollicitudini
1028 457 1053 514 A
1065 454 1158 510 edicas
1172 462 1200 508 et
1218 450 1348 507 auriliana
1361 452 1537 516 oportunum,
1552 450 1582 497 ιιι
1596 440 1654 511 ipse
1671 439 1792 512 injuncta
1803 442 1858 499 slbr

230 560 283 605 utar
293 558 370 623 grata
378 546 523 603 debeamus
531 545 629 602 exinde
638 544 824 601 uicissitudine
838 546 1012 614 respondere.
1065 544 1173 615 umetis
1184 556 1238 612 ope
1249 550 1341 597 restra
1352 537 1480 593 sullultas
1491 535 1589 598 ualeat,
1605 543 1716 590 auctore
1730 533 1857 602 ὓοιιιὶιιο,

229 638 329 695 l'erum
343 637 405 705 qula
418 636 533 692 dilectus
550 634 621 691 lilius
639 635 725 691 lrater
739 635 933 693 Constantinus
949 650 1014 691 eou-
1066 635 1179 693 lellclter
1194 645 1393 693 consummare,
1416 642 1450 684 ac
1471 642 1522 681 nos
1543 624 1716 680 devotionern
1740 635 1860 683 vestrm

228 740 323 782 remus
337 724 410 795 tutti
428 724 629 783 Cartbusiensis
642 725 716 797 (tte)
740 741 790 783 nos
813 739 846 781 es
869 737 947 795 parte
969 732 1015 781 tua
1065 727 1165 783 merito
1176 721 1369 781 commendare
1379 720 1527 792 possimus.

229 816 386 887 suppliciter
399 817 523 873 exorauit
535 825 565 873 ut
575 818 676 875 dicium
691 820 862 890 magistrum,
873 832 953 887 quem
965 832 1015 887 pro
1101 818 1209 882 batnon,
1220 824 1251 870 ut
1261 829 1355 883 supro.

229 920 262 961 eo
275 904 347 976 quod
359 906 387 960 in
403 906 565 962 cancellaria
580 916 673 964 nostra
686 906 860 963 laudabiliter
871 921 1016 963 corrueras-

1402 898 1519 955 cdxix,

229 1005 286 1061 tus,
307 1011 355 1066 per
369 996 503 1053 diutinum
519 998 676 1054 exercitium
699 999 725 1053 ln
748 999 899 1067 uniusmodi
911 999 1016 1069 plenius
1067 1011 1205 1057 nsrmasrs
1228 1010 1367 1051 nusarrs
1386 1007 1569 1050 secessurus
1588 1007 1722 1049 secessu
1744 1006 1859 1047 sousa:

230 1094 273 1141 cst
291 1087 448 1153 instructus,
468 1087 640 1142 cancellariae
659 1096 710 1141 tuae
727 1086 864 1157 predicere
876 1088 1015 1158 cupiebas,

231 1176 278 1231 tibi
292 1178 440 1233 concedere
452 1178 636 1249 dignaremur,
656 1192 705 1232 nos
723 1178 826 1233 derotre
842 1177 902 1233 tidei
918 1186 970 1232 tuae
984 1190 1018 1233 ac

232 1267 381 1325 deuotionis
393 1268 479 1326 lldelis
493 1270 676 1326 sinceritatem
689 1268 856 1339 perspicuam
869 1267 938 1323 sicut
950 1281 1017 1323 ron-

231 1358 307 1414 venit
328 1360 509 1425 attendentes,
532 1374 591 1429 quas
620 1374 762 1430 personam
789 1366 861 1412 tuam
889 1365 1016 1427 tanquam

232 1447 358 1517 specialis
372 1450 526 1521 apostolica
541 1450 611 1505 sedis
625 1449 672 1505 lilii
683 1458 710 1504 et
722 1447 806 1503 tidelis
819 1447 896 1503 nobis
908 1446 1018 1502 adrelrit

234 1540 388 1611 specialiter
413 1540 588 1611 diligendam,
612 1548 639 1595 ct
665 1554 760 1609 preces
784 1548 844 1594 tuas
873 1538 1020 1609 persuadet

234 1637 365 1699 quantum
385 1643 447 1684 cum
469 1630 525 1685 lieo
545 1644 687 1699 possumus
708 1627 854 1683 efficaciter
878 1626 1017 1693 exaudire,

1102 1080 1269 1146 ἐιττττιιτι
1278 1102 1330 1142 rsa
1338 1100 1539 1151 sassosssssrr,
1547 1100 1750 1149 sassarsssss,
1760 1100 1860 1149 soors·

1103 1196 1163 1241 ssu,
1187 1196 1223 1235 ιτ
1241 1192 1448 1235 somnusssssrr
1463 1192 1630 1243 rsorrscras,
1649 1192 1685 1232 sr
1701 1192 1860 1239 tenussss,

1104 1284 1292 1335 succussus,
1315 1282 1518 1335 conpresserit,
1541 1284 1577 1325 ss
1596 1281 1768 1323 scrumosus
1788 1283 1861 1321 osts-

1102 1375 1376 1417 cssssmssrrrorrs.

1359 1448 1399 1503 lis
1414 1448 1504 1503 estlear
1523 1463 1562 1501 rs.

1319 1539 1446 1611 (ilatum,
1459 1548 1487 1593 trt
1497 1537 1605 1607 capra.)

1103 1632 1171 1689 Cant
1185 1633 1314 1689 dilectum
1332 1630 1417 1685 lilium
1437 1630 1598 1699 magistrum
1612 1628 1722 1683 Petrum
1737 1627 1858 1683 llaremn

234 1718 323 1788 ipsum
336 1719 507 1789 magistrum,
526 1735 681 1791 quanquam
703 1736 756 1776 non
774 1720 861 1777 solum
874 1720 1017 1790 plurltuutn
1070 1725 1264 1781 srrbdiaconum
1281 1732 1404 1779 nostrum
1421 1734 1471 1791 pro
1487 1718 1646 1791 colligendis
1661 1718 1788 1773 Ecclesia
1799 1716 1857 1772 tto·

234 1808 319 1873 utilia,
333 1824 426 1865 uerum
440 1810 523 1864 etiam
538 1811 616 1867 rraldo
631 1810 802 1867 necessarius
816 1811 893 1865 nobis
907 1811 1020 1866 exstite·
1034 1808 1057 1866 ll
1071 1829 1158 1870 marrae
1170 1815 1297 1870 censibus
1311 1820 1340 1867 et
1353 1810 1416 1868 aliis
1429 1808 1547 1878 negociis
1560 1809 1737 1872 destinemus,
1749 1803 1861 1862 unirer·

234 1898 271 1953 rit
283 1907 311 1954 et
322 1900 432 1966 existat,
448 1908 540 1969 utpote
553 1902 628 1969 cuius
641 1902 701 1958 lldei
719 1901 863 1971 puritatem
879 1907 907 1957 et
920 1902 1023 1958 discre-
1072 1906 1145 1962 sirati
1171 1914 1270 1960 restra
1296 1916 1345 1972 per
1373 1897 1522 1970 apostolica
1553 1897 1654 1968 scripta
1681 1894 1861 1967 precipiendo

234 1986 316 2043 tionis
337 1988 506 2073 prudentiam
524 1988 629 2058 jamdiu
642 1992 668 2045 in
682 1990 775 2047 maltis
789 1994 903 2063 experti,
916 1994 1023 2063 negotia
1073 1995 1234 2052 strandarnus
1247 2002 1384 2063 quamnns
1401 1988 1562 2061 ipsumam
1580 2003 1638 2045 suas
1658 1987 1758 2043 merito
1771 1987 1863 2055 probl-

236 2088 329 2135 nostra
345 2095 429 2150 parua
447 2090 476 2136 et
493 2096 589 2153 magna
607 2082 694 2139 eidem
710 2084 906 2141 committimus
924 2086 1021 2141 irrcun-
1075 2089 1137 2144 sads
1155 2085 1234 2141 rrobis
1251 2095 1279 2137 et
1294 2082 1426 2139 iratribus
1445 2080 1548 2137 uostris
1567 2079 1668 2136 cbarus
1683 2085 1712 2132 et
1733 2084 1864 2144 acceptus

236 2184 353 2242 stanter,
365 2176 500 2233 deuotioni
511 2186 563 2233 tuae
573 2176 700 2233 duximus
711 2178 861 2235 liberaliter
873 2180 1024 2236 conceden-
1073 2178 1176 2242 existit,
1192 2178 1228 2233 ob
1241 2175 1421 2231 reverentiam
1440 2170 1596 2243 apostolieae
1611 2171 1685 2225 sedis
1697 2178 1726 2224 st
1741 2178 1862 2223 nostram

237 2268 311 2330 duur,
334 2266 525 2322 discretionem
549 2276 622 2323 tuam
650 2277 776 2337 rogantes
801 2266 973 2323 affectuosius
997 2277 1024 2324 et
1074 2278 1201 2339 tanquam
1223 2266 1368 2337 specialem
1395 2264 1518 2319 nuntium
1544 2272 1670 2317 suestram
1698 2259 1864 2328 recipientes

236 2366 379 2413 mourutes
392 2366 525 2427 urrateuus
543 2359 641 2428 ipsum,
656 2372 736 2428 quem
750 2360 868 2429 proprian
882 2358 1024 2428 probitatis
1073 2363 1189 2431 benigne
1211 2374 1244 2415 ac
1265 2356 1416 2413 lrouorilice
1436 2363 1647 2426 pertractantes,
1667 2366 1766 2407 cenem
1785 2349 1865 2404 uobis

237 2449 335 2503 merita
347 2448 578 2515 recommendant,
593 2448 695 2505 babens
709 2451 867 2520 propensius
885 2464 1024 2505 coruraen-
1074 2452 1179 2513 debitos
1197 2448 1312 2505 lldcliter
1328 2444 1478 2503 exsolvatis
1489 2442 1595 2507 eidem,
1610 2441 1646 2495 ita
1658 2440 1731 2511 quod
1745 2437 1864 2509 gratiam

237 2538 347 2604 daturn,
373 2538 462 2593 taliter
484 2552 545 2593 eum
564 2538 673 2593 studeas
687 2538 822 2595 bonorare
837 2540 907 2609 quod
920 2548 947 2595 et
963 2554 1024 2605 uos,
1074 2541 1150 2595 uirbis
1165 2555 1198 2595 es
1210 2537 1303 2594 debito
1316 2534 1490 2603 comparetis,
1505 2542 1538 2589 et
1553 2546 1603 2587 uos
1616 2529 1643 2585 id
1657 2528 1758 2585 urorito
1769 2542 1864 2599 gerere

237 2630 283 2699 qui
296 2628 423 2685 honorari
440 2634 596 2697 reputamus
612 2626 637 2683 iu
652 2628 721 2697 ipso,
736 2628 769 2683 ad
782 2630 912 2685 bonorem
926 2638 952 2685 et
963 2644 1024 2697 pro·
1075 2633 1223 2687 debeamus
1235 2634 1388 2696 accepturu.

238 2714 338 2774 lectum
359 2726 435 2771 tunm
457 2714 542 2785 magis
557 2716 699 2773 intendere
716 2718 875 2785 debeamus,
894 2728 922 2773 ot
941 2720 1023 2785 idem,

238 2806 317 2875 culus
338 2806 499 2877 obsequium
514 2803 562 2859 tibi
579 2820 611 2863 ac
630 2815 708 2863 terrae
728 2817 780 2865 ture
796 2810 1024 2881 quamplurimum

1109 2720 1217 2784 ilatum,
1229 2728 1258 2772 ut
1270 2732 1362 2785 supra.

1415 2801 1519 2862 ctxtt.

238 2899 374 2955 credimus
394 2898 574 2969 prolaturum,
597 2900 631 2955 ad
646 2900 817 2957 devotionern
832 2908 905 2957 tuam
927 2899 1024 2957 lortius
1075 2914 1238 2957 susossssr
1256 2909 1460 2953 ascutsrtscoro
1480 2907 1652 2949 arosrocrcss
1669 2905 1743 2947 soors
1760 2904 1865 2947 necaro

239 2990 414 3061 astringatur.

274 3082 369 3138 ilatum
383 3082 493 3153 Signis,
505 3099 536 3139 ur
547 3083 608 3141 ldus
619 3082 771 3155 Septemb,
786 3082 959 3154 pontificatus
972 3100 1021 3139 uo·

239 3175 291 3231 stri
305 3189 378 3232 anno
387 3175 483 3246 quinto
493 3176 607 3232 decimo.

560 3265 694 3322 Cblllllll.

1304 3001 1340 3041 trs
1353 2999 1549 3041 surrsasassts
1562 2996 1634 3037 stus

1369 3076 1456 3145 Super
1470 3077 1573 3129 rodens.

1329 3169 1449 3240 (bruttius,
1465 3178 1493 3220 ut
1506 3163 1612 3238 supro.)

1111 3265 1188 3321 Licet
1201 3263 1300 3318 minanti
1315 3258 1521 3332 patrislarnilias
1537 3259 1675 3328 exemplo,
1688 3270 1766 3325 cupas
1778 3256 1865 3312 vicena
1934 3304 1939 3312 .

238 3369 401 3414 samsones
423 3371 627 3414 ancursrtscoro
645 3372 680 3412 ιτ
692 3371 948 3414 srrscoroorrcsssr
963 3373 1025 3414 nro·
1077 3355 1204 3412 irnrrterlti
1227 3354 1322 3410 eodem
1347 3353 1466 3424 peritura
1492 3352 1665 3420 disponente,
1685 3351 1757 3420 quod
1774 3351 1865 3404 unies

458 3459 577 3502 orasses
593 3461 666 3502 ssnrs
679 3460 802 3502 ssenrrs.
1076 3446 1197 3502 minimis
1211 3446 1312 3500 nnstris
1332 3444 1378 3510 lrt,
1396 3443 1475 3499 nobis
1496 3440 1594 3496 lactum
1609 3441 1806 3496 rationabiliter
1820 3456 1865 3495 re-

385 3535 555 3594 Commrndat
567 3539 605 3592 eis
617 3538 736 3592 cunrdem
749 3537 880 3592 Marcum.
1076 3547 1213 3609 putemus,
1235 3537 1296 3592 illos
1317 3544 1406 3592 tamen
1421 3534 1542 3590 rolerrtcs
1557 3533 1718 3605 propensius
1738 3533 1865 3590 borrorari

488 3629 616 3700 (ilatum,
633 3639 661 3684 ut
674 3634 777 3701 supra.)
1077 3645 1145 3701 quos
1156 3629 1272 3698 propriae
1286 3627 1382 3682 merita
1395 3625 1539 3695 probitatis
1553 3627 1633 3680 notris
1646 3625 1784 3681 advebunt
1799 3625 1865 3680 cba-

275 3719 333 3796 Etsl
348 3719 458 3776 minime
467 3719 622 3776 dubitemus
631 3719 696 3788 quin
711 3721 819 3777 ruritius
830 3732 935 3778 nostros
945 3737 1026 3793 utros·
1078 3719 1134 3774 rius
1149 3717 1343 3788 amplexandos
1359 3725 1387 3771 et
1405 3717 1510 3771 bonore
1529 3718 1698 3771 corrstituunt
1716 3716 1866 3788 digniores,

240 3811 306 3870 libet
323 3821 352 3868 et
372 3811 401 3867 in
420 3811 518 3882 quibus
531 3813 658 3867 convenit
678 3812 827 3879 honoretis,
850 3815 912 3883 qrrta
936 3824 1025 3870 rarrren
1077 3823 1127 3880 pro
1140 3807 1173 3864 iis
1190 3807 1335 3878 specialius
1347 3807 1451 3862 dentata
1465 3806 1578 3869 nosats,
1593 3821 1655 3860 curu
1669 3807 1790 3876 expedit,
1805 3821 1866 3876 pre

241 3903 304 3959 illos
315 3901 440 3958 voluntas
453 3901 613 3972 propensius
625 3903 755 3958 bonorari
768 3919 837 3974 quos
849 3919 897 3974 pro
912 3919 1025 3960 suorum
1076 3917 1123 3959 eos
1134 3900 1276 3970 diripimus
1286 3908 1314 3953 et
1325 3899 1461 3952 mandata.
1473 3895 1538 3950 Curru
1552 3895 1632 3964 igitur
1642 3897 1769 3951 dilectum
1781 3895 1866 3950 liliam

242 3991 377 4061 erigentia
390 3992 548 4047 meritorum
566 3992 696 4049 babemus
711 3995 781 4048 inter
796 3995 863 4050 alios
876 3996 1026 4063 chariores,
1078 3993 1238 4064 magistrum
1261 3989 1371 4045 Petrum
1397 3987 1528 4053 blarcmn,
1548 3999 1615 4054 etc,
1635 3997 1663 4041 st
1685 4004 1768 4057 supra
1788 4003 1870 4057 sapae

243 4099 293 4153 pro
308 4082 341 4138 iis
351 4081 523 4138 affectuosius
534 4097 582 4138 ros
596 4097 730 4154 rogamus.
748 4084 815 4140 illuc
828 4087 950 4155 estquod
966 4099 1027 4140 eum
1078 4083 1255 4146 destinemus,
1277 4079 1478 4136 fraternitatem
1498 4090 1615 4136 uestram
1633 4094 1760 4148 reparans
1779 4088 1870 4132 atterr-

243 4171 370 4228 dilectum
390 4171 473 4228 utinm
488 4174 643 4243 magistrum
661 4173 767 4231 Petrum
783 4175 901 4232 llarcurn
920 4175 1028 4232 subdia·
1080 4175 1170 4242 tiuset
1183 4187 1335 4236 monemus,
1351 4187 1399 4240 per
1419 4171 1568 4242 apostoliea
1589 4170 1665 4225 robis
1682 4170 1782 4238 scripta
1800 4183 1868 4238 prae·

244 4276 342 4318 cenum
361 4271 482 4317 nostrum
502 4272 682 4320 correctorem
703 4264 852 4320 litterarum
875 4275 1027 4321 nostrarum
1079 4263 1203 4332 cipiendo
1218 4263 1357 4316 manslates
1373 4270 1506 4331 uitatemrs
1520 4263 1617 4332 ipsum,
1633 4262 1679 4328 spui
1694 4274 1752 4313 sure
1771 4258 1868 4312 ranerito

243 4367 294 4423 pro
308 4353 466 4421 colligendis
483 4355 608 4410 censibus
629 4355 756 4410 Ecclesiae
775 4355 902 4412 llouumae
919 4373 951 4412 ac
968 4358 1029 4414 aliis
1079 4355 1224 4427 probitatis
1239 4353 1316 4408 nolus
1330 4361 1357 4408 et
1369 4354 1502 4408 iratribus
1515 4353 1615 4408 nostris
1631 4353 1730 4408 clrarus
1745 4359 1773 4406 ct
1789 4364 1869 4404 acco·

244 4443 362 4512 negotiis
385 4444 568 4509 destinemus,
593 4443 679 4515 ipsum
705 4454 778 4500 tanto
802 4446 878 4501 robis
898 4448 1028 4502 attentius
1043 4457 1067 4514 ῃ
1081 4456 1143 4516 ptus
1155 4446 1257 4509 existit,
1271 4445 1306 4500 ob
1323 4449 1501 4499 reuerentiam
1519 4444 1674 4514 apostolicas
1692 4443 1805 4498 sediset
1819 4457 1869 4494 rto·

243 4533 369 4590 duximus
382 4535 622 4592 oorrrmendandunt
634 4546 736 4604 quatuo
751 4545 778 4589 ct
791 4550 931 4604 personam
944 4537 1028 4605 ipsius

243 4625 386 4694 probitatis
399 4640 454 4682 sure
470 4628 567 4681 merito
578 4625 687 4680 citerius
703 4626 890 4695 amplexamur
903 4635 930 4680 ct
944 4641 1026 4695 argo-

244 4716 280 4770 tia
292 4713 342 4787 ipsi
354 4714 547 4772 committimus
566 4715 681 4784 potiora.
699 4714 815 4784 ideoque
832 4715 1027 4770 irater-nitatur

242 4814 361 4860 uestram
377 4819 501 4875 rogamus
517 4805 648 4860 attentius
660 4813 687 4858 et
699 4820 851 4870 monemus,
863 4821 910 4874 per
922 4817 1028 4876 aposto·

243 4896 297 4954 lica
310 4898 386 4954 robis
398 4897 499 4967 scripta
515 4897 673 4951 mandantes
685 4907 818 4966 quatenus
831 4899 955 4953 eunrdom
972 4913 1028 4952 ma·

242 4986 357 5060 gistrum
371 4985 405 5040 ob
419 4986 599 5042 reuerentiam
613 4984 767 5054 apostolica
781 4987 853 5041 sedis
866 4996 893 5041 et
908 4996 1027 5042 nostram

243 5082 372 5146 tanquam
387 5077 530 5143 specialem
544 5077 667 5132 nuntium
682 5085 807 5132 nostrum
821 5079 951 5132 liabentes
966 5095 1030 5146 pro·

242 5167 353 5237 pensius
375 5169 602 5234 commendatum,
627 5169 790 5239 impendatis
814 5171 864 5240 ipsi
888 5169 1030 5225 corrsilimu

206 5305 208 5308 ’
238 5316 341 5380 ‚ceastre
352 5302 471 5357 sotiatur
485 5302 623 5360 Ecclesiae.
638 5303 704 5361 llitle
718 5305 916 5378 ellloprrisrun
928 5306 965 5360 lie
978 5307 1035 5377 pri-

242 5373 335 5494 vilef„
350 5381 378 5426 el
389 5389 415 5427 e.
430 5373 512 5437 emut',
533 5373 570 5428 De
584 5375 723 5432 cettsilurs.

280 5443 290 5522 l
311 5441 355 5512 15)
381 5441 525 5498 Conuersus
551 5443 605 5499 lieo
619 5447 766 5500 deuotusc.
787 5443 843 5497 limi
859 5443 903 5508 lb,
919 5459 946 5513 q.
961 5443 984 5506 l,
1006 5453 1034 5499 ct

243 5511 381 5580 relrpionis
401 5527 549 5594 corruersas
566 5527 591 5566 e.
617 5510 813 5580 Nouaesium,
840 5515 876 5568 lie
892 5515 1030 5569 scatentia

243 5595 440 5635 ercommame.

1083 4548 1166 4592 strant
1186 4546 1313 4605 lattquatat
1335 4536 1479 4606 specialem
1503 4536 1626 4591 trutttium
1651 4546 1773 4590 ttostruru
1794 4533 1870 4588 'recl-

1083 4629 1188 4696 pieutcs
1200 4627 1314 4696 benigue
1330 4642 1364 4681 ac
1378 4627 1526 4681 bonorilrce
1541 4637 1746 4696 pertractantes,
1762 4628 1794 4679 de
1805 4640 1871 4679 ceu·

1083 4720 1159 4774 sibus
1181 4721 1283 4774 uostris
1303 4717 1410 4774 faciatis
1432 4718 1519 4773 eidem
1540 4719 1566 4772 iu
1589 4717 1753 4773 discessibus
1771 4716 1870 4770 restris

1084 4811 1198 4865 lideliter
1218 4810 1389 4878 respomleri;
1414 4809 1449 4862 ita
1469 4812 1541 4877 quod
1560 4807 1752 4863 sollicitudinis
1773 4815 1871 4859 restrae

1083 4903 1204 4956 studium
1228 4908 1322 4969 pareat
1345 4899 1498 4965 intellectu,
1519 4909 1546 4954 et
1565 4915 1614 4954 uos
1630 4899 1801 4953 decetionem
1822 4909 1871 4949 rc·

1084 5003 1169 5048 strant
1180 4991 1329 5048 debeamus
1340 4991 1438 5046 erirrde
1449 4991 1546 5046 merito
1558 4991 1760 5046 corrrrueudare.

1119 5085 1227 5152 llaturu,
1241 5095 1269 5138 ut
1280 5101 1370 5154 supra.

1121 5174 1153 5229 lu
1180 5176 1300 5231 renidens
1326 5174 1432 5229 niodum
1461 5174 1586 5246 rmiptum
1613 5182 1650 5227 cst
1678 5172 1872 5242 orclrispiacopo

1088 5309 1139 5364 diae
1151 5321 1247 5378 sponte
1260 5311 1361 5366 addicti
1379 5310 1477 5380 (donec
1491 5309 1554 5364 ritae
1567 5307 1639 5364 dulci
1651 5307 1742 5363 allicio
1759 5307 1873 5371 langan-

1087 5384 1153 5448 tar),
1168 5381 1214 5434 liei
1224 5381 1288 5480 tlpt.
1300 5380 1372 5435 llas.
1389 5378 1718 5478 nrisericordiamsileutii
1743 5378 1874 5497 relligirtr'sle

1085 5448 1872 5598 restituitis“altstetitttliitttttnn

1084 5587 1166 5643 litlem
1182 5590 1315 5653 adbiberi,
1333 5590 1381 5644 sed
1393 5589 1460 5645 lallit
1486 5589 1514 5644 in
1529 5589 1670 5644 nunnacbis
1686 5587 1877 5641 Cisterercaat·

266 5648 353 5727 ¹(llll)
365 5649 558 5706 dortbusisnsis
579 5652 691 5708 eremita
707 5651 810 5707 ordinis
830 5653 901 5708 beati
921 5652 1027 5708 lirano·
1083 5659 1133 5714 bus
1148 5669 1175 5715 et
1187 5658 1375 5716 carthusianis
1386 5671 1494 5732 propter
1507 5675 1601 5716 eorum
1616 5655 1836 5714 sanctimonium·

245 5731 288 5772 ms
302 5718 379 5787 cujrrs
389 5719 560 5779 anachoretae
574 5721 691 5780 coelestis
706 5723 823 5782 carceris
832 5721 923 5781 litora
938 5731 1030 5782 custo·
