<?xml version="1.0" encoding="UTF-8"?>
<!DOCTYPE html PUBLIC "-//W3C//DTD XHTML 1.0 Transitional//EN"
    "http://www.w3.org/TR/xhtml1/DTD/xhtml1-transitional.dtd">
<html xmlns="http://www.w3.org/1999/xhtml" xml:lang="en" lang="en">
 <head>
  <title>
</title>
<meta http-equiv="Content-Type" content="text/html;charset=utf-8" />
  <meta name='ocr-system' content='tesseract 3.04.00' />
  <meta name='ocr-capabilities' content='ocr_page ocr_carea ocr_par ocr_line ocrx_word'/>
</head>
<body>
  <div class='ocr_page' id='page_1' title='image "./patrologiaecurs00berngoog_0416.png"; bbox 0 0 4109 6325; ppageno 0'>
   <div class='ocr_carea' id='block_1_1' title="bbox 243 348 299 411">
    <p class='ocr_par' dir='ltr' id='par_1_1' title="bbox 243 348 299 411">
     <span class='ocr_line' id='line_1_1' title="bbox 243 348 299 411; baseline -0.018 0"><span class='ocrx_word' id='word_1_1' title='bbox 243 348 299 411; x_wconf 82' lang='lat' dir='ltr'><strong>tat</strong></span> 
     </span>
    </p>
   </div>
   <div class='ocr_carea' id='block_1_2' title="bbox 707 330 1453 403">
    <p class='ocr_par' dir='ltr' id='par_1_2' title="bbox 707 330 1453 403">
     <span class='ocr_line' id='line_1_2' title="bbox 707 330 1453 403; baseline -0.001 -4"><span class='ocrx_word' id='word_1_2' title='bbox 707 330 903 401; x_wconf 74' lang='lat' dir='ltr'><strong>lubacariae</strong></span> <span class='ocrx_word' id='word_1_3' title='bbox 922 340 954 399; x_wconf 94' lang='lat' dir='ltr'><strong>ili</strong></span> <span class='ocrx_word' id='word_1_4' title='bbox 969 331 1023 399; x_wconf 30' lang='lat' dir='ltr'><strong>‘pp‘</strong></span> <span class='ocrx_word' id='word_1_5' title='bbox 1041 330 1278 402; x_wconf 77' lang='lat' dir='ltr'><strong>deeustddutt</strong></span> <span class='ocrx_word' id='word_1_6' title='bbox 1298 342 1359 403; x_wconf 80' lang='lat' dir='ltr'><strong>biti.</strong></span> <span class='ocrx_word' id='word_1_7' title='bbox 1381 338 1453 399; x_wconf 80' lang='lat' dir='ltr'><strong>xit.</strong></span> 
     </span>
    </p>
   </div>
   <div class='ocr_carea' id='block_1_3' title="bbox 1832 344 1887 404">
    <p class='ocr_par' dir='ltr' id='par_1_3' title="bbox 1832 344 1887 404">
     <span class='ocr_line' id='line_1_3' title="bbox 1832 344 1887 404; baseline 0 0"><span class='ocrx_word' id='word_1_8' title='bbox 1832 344 1887 404; x_wconf 71' lang='grc' dir='ltr'><strong>ιιι</strong></span> 
     </span>
    </p>
   </div>
   <div class='ocr_carea' id='block_1_4' title="bbox 246 458 1885 541">
    <p class='ocr_par' dir='ltr' id='par_1_4' title="bbox 246 458 1885 541">
     <span class='ocr_line' id='line_1_4' title="bbox 246 458 1885 541; baseline -0.001 -20"><span class='ocrx_word' id='word_1_9' title='bbox 246 476 339 539; x_wconf 75' lang='lat' dir='ltr'><strong>postea</strong></span> <span class='ocrx_word' id='word_1_10' title='bbox 350 478 399 536; x_wconf 85' lang='lat' dir='ltr'><strong>per</strong></span> <span class='ocrx_word' id='word_1_11' title='bbox 411 461 554 534; x_wconf 77' lang='lat' dir='ltr'><strong>quemdam</strong></span> <span class='ocrx_word' id='word_1_12' title='bbox 567 459 701 514; x_wconf 76' lang='lat' dir='ltr'><strong>bolarium</strong></span> <span class='ocrx_word' id='word_1_13' title='bbox 716 474 780 515; x_wconf 75' lang='lat' dir='ltr'><strong>sitis</strong></span> <span class='ocrx_word' id='word_1_14' title='bbox 794 458 898 515; x_wconf 74' lang='lat' dir='ltr'><strong>liberat</strong></span> <span class='ocrx_word' id='word_1_15' title='bbox 918 458 1074 519; x_wconf 79' lang='lat' dir='ltr'><strong>destina-A</strong></span> <span class='ocrx_word' id='word_1_16' title='bbox 1090 477 1154 516; x_wconf 91' lang='lat' dir='ltr'><strong>rona</strong></span> <span class='ocrx_word' id='word_1_17' title='bbox 1165 460 1288 529; x_wconf 81' lang='lat' dir='ltr'><strong>justitias,</strong></span> <span class='ocrx_word' id='word_1_18' title='bbox 1307 476 1387 531; x_wconf 89' lang='lat' dir='ltr'><strong>qoam</strong></span> <span class='ocrx_word' id='word_1_19' title='bbox 1414 461 1440 515; x_wconf 90' lang='lat' dir='ltr'><strong>in</strong></span> <span class='ocrx_word' id='word_1_20' title='bbox 1468 458 1544 514; x_wconf 91' lang='lat' dir='ltr'><strong>iilum</strong></span> <span class='ocrx_word' id='word_1_21' title='bbox 1564 459 1636 515; x_wconf 89' lang='lat' dir='ltr'><strong>diem</strong></span> <span class='ocrx_word' id='word_1_22' title='bbox 1661 458 1818 541; x_wconf 82' lang='lat' dir='ltr'><strong>redditurus</strong></span> <span class='ocrx_word' id='word_1_23' title='bbox 1841 474 1885 520; x_wconf 89' lang='lat' dir='ltr'><strong>est</strong></span> 
     </span>
    </p>
   </div>
   <div class='ocr_carea' id='block_1_5' title="bbox 243 529 1039 1567">
    <p class='ocr_par' dir='ltr' id='par_1_5' title="bbox 243 529 1039 1567">
     <span class='ocr_line' id='line_1_5' title="bbox 243 529 1035 605; baseline -0.01 -14"><span class='ocrx_word' id='word_1_24' title='bbox 243 540 294 603; x_wconf 84' lang='lat' dir='ltr'><strong>rit,</strong></span> <span class='ocrx_word' id='word_1_25' title='bbox 305 537 332 591; x_wconf 91' lang='lat' dir='ltr'><strong>io</strong></span> <span class='ocrx_word' id='word_1_26' title='bbox 346 534 444 605; x_wconf 89' lang='lat' dir='ltr'><strong>quibos</strong></span> <span class='ocrx_word' id='word_1_27' title='bbox 456 530 672 587; x_wconf 86' lang='lat' dir='ltr'><strong>misericordiam</strong></span> <span class='ocrx_word' id='word_1_28' title='bbox 695 532 786 598; x_wconf 92' lang='lat' dir='ltr'><strong>potins</strong></span> <span class='ocrx_word' id='word_1_29' title='bbox 807 544 889 601; x_wconf 75' lang='lat' dir='ltr'><strong>troam</strong></span> <span class='ocrx_word' id='word_1_30' title='bbox 900 529 1035 598; x_wconf 82' lang='lat' dir='ltr'><strong>judicium</strong></span> 
     </span>
     <span class='ocr_line' id='line_1_6' title="bbox 247 600 1037 675; baseline -0.011 -14"><span class='ocrx_word' id='word_1_31' title='bbox 247 606 418 675; x_wconf 70' lang='lat' dir='ltr'><strong>implorabat,</strong></span> <span class='ocrx_word' id='word_1_32' title='bbox 431 601 572 671; x_wconf 87' lang='lat' dir='ltr'><strong>postulans</strong></span> <span class='ocrx_word' id='word_1_33' title='bbox 585 614 600 653; x_wconf 88' lang='lat' dir='ltr'><strong>a</strong></span> <span class='ocrx_word' id='word_1_34' title='bbox 611 600 689 655; x_wconf 90' lang='lat' dir='ltr'><strong>nobis</strong></span> <span class='ocrx_word' id='word_1_35' title='bbox 702 609 732 653; x_wconf 90' lang='grc' dir='ltr'><strong>ιιι</strong></span> <span class='ocrx_word' id='word_1_36' title='bbox 746 600 787 654; x_wconf 83' lang='grc' dir='ltr'><strong>ιιι</strong></span> <span class='ocrx_word' id='word_1_37' title='bbox 799 601 968 654; x_wconf 71' lang='lat' dir='ltr'>numeremus</span> <span class='ocrx_word' id='word_1_38' title='bbox 983 600 1037 652; x_wconf 86' lang='lat' dir='ltr'><strong>Tn-</strong></span> 
     </span>
     <span class='ocr_line' id='line_1_7' title="bbox 245 669 1035 741; baseline -0.006 -12"><span class='ocrx_word' id='word_1_39' title='bbox 245 675 331 731; x_wconf 91' lang='lat' dir='ltr'><strong>losam</strong></span> <span class='ocrx_word' id='word_1_40' title='bbox 345 673 378 725; x_wconf 91' lang='lat' dir='ltr'><strong>ad</strong></span> <span class='ocrx_word' id='word_1_41' title='bbox 393 673 493 741; x_wconf 82' lang='lat' dir='ltr'><strong>ipsunt,</strong></span> <span class='ocrx_word' id='word_1_42' title='bbox 507 678 553 724; x_wconf 88' lang='grc' dir='ltr'>ιιιι</span> <span class='ocrx_word' id='word_1_43' title='bbox 578 670 603 723; x_wconf 88' lang='grc' dir='ltr'><strong>ιι</strong></span> <span class='ocrx_word' id='word_1_44' title='bbox 625 670 827 739; x_wconf 74' lang='lat' dir='ltr'><strong>assignaremus</strong></span> <span class='ocrx_word' id='word_1_45' title='bbox 847 669 936 723; x_wconf 91' lang='lat' dir='ltr'><strong>locum</strong></span> <span class='ocrx_word' id='word_1_46' title='bbox 952 670 1035 724; x_wconf 79' lang='lat' dir='ltr'><strong>alitam</strong></span> 
     </span>
     <span class='ocr_line' id='line_1_8' title="bbox 244 738 1037 812; baseline -0.006 -13"><span class='ocrx_word' id='word_1_47' title='bbox 244 750 454 812; x_wconf 73' lang='lat' dir='ltr'><strong>competentem.</strong></span> <span class='ocrx_word' id='word_1_48' title='bbox 470 739 573 807; x_wconf 79' lang='lat' dir='ltr'><strong>Quibus</strong></span> <span class='ocrx_word' id='word_1_49' title='bbox 588 739 732 811; x_wconf 71' lang='lat' dir='ltr'><strong>diligenter</strong></span> <span class='ocrx_word' id='word_1_50' title='bbox 753 738 780 793; x_wconf 90' lang='lat' dir='ltr'><strong>iu</strong></span> <span class='ocrx_word' id='word_1_51' title='bbox 803 739 913 807; x_wconf 87' lang='lat' dir='ltr'><strong>scriptis</strong></span> <span class='ocrx_word' id='word_1_52' title='bbox 938 740 1037 794; x_wconf 90' lang='lat' dir='ltr'><strong>rescri-</strong></span> 
     </span>
     <span class='ocr_line' id='line_1_9' title="bbox 243 808 1038 885; baseline 0 -21"><span class='ocrx_word' id='word_1_53' title='bbox 243 814 346 885; x_wconf 84' lang='lat' dir='ltr'><strong>psimus</strong></span> <span class='ocrx_word' id='word_1_54' title='bbox 360 810 432 879; x_wconf 89' lang='lat' dir='ltr'><strong>quod</strong></span> <span class='ocrx_word' id='word_1_55' title='bbox 443 810 468 863; x_wconf 92' lang='lat' dir='ltr'><strong>in</strong></span> <span class='ocrx_word' id='word_1_56' title='bbox 480 824 561 864; x_wconf 81' lang='lat' dir='ltr'><strong>carisa</strong></span> <span class='ocrx_word' id='word_1_57' title='bbox 575 808 633 875; x_wconf 83' lang='lat' dir='ltr'><strong>ejus</strong></span> <span class='ocrx_word' id='word_1_58' title='bbox 648 818 760 878; x_wconf 91' lang='lat' dir='ltr'><strong>propter</strong></span> <span class='ocrx_word' id='word_1_59' title='bbox 773 811 895 864; x_wconf 90' lang='lat' dir='ltr'><strong>rationes</strong></span> <span class='ocrx_word' id='word_1_60' title='bbox 910 810 1038 876; x_wconf 81' lang='lat' dir='ltr'><strong>prelatas</strong></span> 
     </span>
     <span class='ocr_line' id='line_1_10' title="bbox 243 878 1037 953; baseline -0.004 -16"><span class='ocrx_word' id='word_1_61' title='bbox 243 882 391 953; x_wconf 82' lang='lat' dir='ltr'><strong>procedere</strong></span> <span class='ocrx_word' id='word_1_62' title='bbox 403 881 556 935; x_wconf 89' lang='lat' dir='ltr'><strong>nullatenus</strong></span> <span class='ocrx_word' id='word_1_63' title='bbox 567 888 733 948; x_wconf 88' lang='lat' dir='ltr'><strong>poteramus,</strong></span> <span class='ocrx_word' id='word_1_64' title='bbox 743 889 770 933; x_wconf 93' lang='lat' dir='ltr'><strong>et</strong></span> <span class='ocrx_word' id='word_1_65' title='bbox 785 879 886 934; x_wconf 78' lang='lat' dir='ltr'><strong>idcirco</strong></span> <span class='ocrx_word' id='word_1_66' title='bbox 900 878 1037 934; x_wconf 88' lang='lat' dir='ltr'><strong>noluimus</strong></span> 
     </span>
     <span class='ocr_line' id='line_1_11' title="bbox 243 947 1038 1021; baseline -0.001 -15"><span class='ocrx_word' id='word_1_67' title='bbox 243 966 306 1006; x_wconf 78' lang='lat' dir='ltr'><strong>earm</strong></span> <span class='ocrx_word' id='word_1_68' title='bbox 324 964 438 1021; x_wconf 83' lang='lat' dir='ltr'><strong>gravare</strong></span> <span class='ocrx_word' id='word_1_69' title='bbox 451 949 583 1004; x_wconf 85' lang='lat' dir='ltr'><strong>ueletiam</strong></span> <span class='ocrx_word' id='word_1_70' title='bbox 605 951 739 1019; x_wconf 88' lang='lat' dir='ltr'><strong>nosipsos</strong></span> <span class='ocrx_word' id='word_1_71' title='bbox 754 948 884 1003; x_wconf 81' lang='lat' dir='ltr'><strong>inutiliter</strong></span> <span class='ocrx_word' id='word_1_72' title='bbox 898 947 1038 1005; x_wconf 89' lang='lat' dir='ltr'><strong>lalmribus</strong></span> 
     </span>
     <span class='ocr_line' id='line_1_12' title="bbox 243 1018 1039 1091; baseline -0.004 -15"><span class='ocrx_word' id='word_1_73' title='bbox 243 1022 421 1091; x_wconf 81' lang='lat' dir='ltr'><strong>etexpeusis.</strong></span> <span class='ocrx_word' id='word_1_74' title='bbox 437 1019 564 1074; x_wconf 85' lang='lat' dir='ltr'><strong>linientes</strong></span> <span class='ocrx_word' id='word_1_75' title='bbox 576 1018 658 1089; x_wconf 90' lang='lat' dir='ltr'><strong>igitur</strong></span> <span class='ocrx_word' id='word_1_76' title='bbox 680 1019 749 1073; x_wconf 86' lang='grc' dir='ltr'>ιιιιιι</span> <span class='ocrx_word' id='word_1_77' title='bbox 776 1018 895 1073; x_wconf 85' lang='grc' dir='ltr'>ιιιιιιιιιιι</span> <span class='ocrx_word' id='word_1_78' title='bbox 922 1018 1039 1089; x_wconf 90' lang='lat' dir='ltr'><strong>diligen·</strong></span> 
     </span>
     <span class='ocr_line' id='line_1_13' title="bbox 245 1088 1039 1157; baseline -0.004 -12"><span class='ocrx_word' id='word_1_79' title='bbox 245 1092 349 1147; x_wconf 88' lang='lat' dir='ltr'><strong>tissime</strong></span> <span class='ocrx_word' id='word_1_80' title='bbox 362 1090 510 1151; x_wconf 88' lang='lat' dir='ltr'><strong>custudire,</strong></span> <span class='ocrx_word' id='word_1_81' title='bbox 526 1102 629 1143; x_wconf 87' lang='lat' dir='ltr'><strong>meram</strong></span> <span class='ocrx_word' id='word_1_82' title='bbox 645 1098 673 1143; x_wconf 90' lang='lat' dir='ltr'><strong>et</strong></span> <span class='ocrx_word' id='word_1_83' title='bbox 691 1088 796 1157; x_wconf 88' lang='lat' dir='ltr'><strong>plcn&#39;arn</strong></span> <span class='ocrx_word' id='word_1_84' title='bbox 809 1088 964 1153; x_wconf 79' lang='lat' dir='ltr'><strong>ueritatem,</strong></span> <span class='ocrx_word' id='word_1_85' title='bbox 983 1088 1039 1143; x_wconf 68' lang='lat' dir='ltr'><strong>scie</strong></span> 
     </span>
     <span class='ocr_line' id='line_1_14' title="bbox 245 1156 1035 1227; baseline -0.004 -12"><span class='ocrx_word' id='word_1_86' title='bbox 245 1160 308 1215; x_wconf 89' lang='lat' dir='ltr'><strong>lieet</strong></span> <span class='ocrx_word' id='word_1_87' title='bbox 323 1160 406 1215; x_wconf 88' lang='lat' dir='ltr'><strong>totius</strong></span> <span class='ocrx_word' id='word_1_88' title='bbox 423 1158 489 1215; x_wconf 88' lang='lat' dir='ltr'><strong>lacti</strong></span> <span class='ocrx_word' id='word_1_89' title='bbox 520 1159 618 1213; x_wconf 86' lang='lat' dir='ltr'><strong>seriem</strong></span> <span class='ocrx_word' id='word_1_90' title='bbox 632 1166 661 1213; x_wconf 90' lang='lat' dir='ltr'><strong>et</strong></span> <span class='ocrx_word' id='word_1_91' title='bbox 685 1172 851 1227; x_wconf 89' lang='lat' dir='ltr'><strong>processum,</strong></span> <span class='ocrx_word' id='word_1_92' title='bbox 871 1156 1035 1214; x_wconf 89' lang='lat' dir='ltr'><strong>beatitudini</strong></span> 
     </span>
     <span class='ocr_line' id='line_1_15' title="bbox 245 1227 1039 1296; baseline 0 -14"><span class='ocrx_word' id='word_1_93' title='bbox 245 1236 342 1285; x_wconf 77' lang='lat' dir='ltr'><strong>restis</strong></span> <span class='ocrx_word' id='word_1_94' title='bbox 357 1229 476 1285; x_wconf 82' lang='lat' dir='ltr'><strong>breviter</strong></span> <span class='ocrx_word' id='word_1_95' title='bbox 492 1228 659 1291; x_wconf 85' lang='lat' dir='ltr'><strong>intimamus,</strong></span> <span class='ocrx_word' id='word_1_96' title='bbox 672 1227 715 1282; x_wconf 92' lang='lat' dir='ltr'><strong>cui</strong></span> <span class='ocrx_word' id='word_1_97' title='bbox 728 1229 777 1284; x_wconf 91' lang='lat' dir='ltr'><strong>soli</strong></span> <span class='ocrx_word' id='word_1_98' title='bbox 796 1228 926 1285; x_wconf 88' lang='lat' dir='ltr'><strong>Dominus</strong></span> <span class='ocrx_word' id='word_1_99' title='bbox 952 1229 1039 1296; x_wconf 91' lang='lat' dir='ltr'><strong>impo-</strong></span> 
     </span>
     <span class='ocr_line' id='line_1_16' title="bbox 244 1297 1036 1367; baseline -0.005 -12"><span class='ocrx_word' id='word_1_100' title='bbox 244 1301 326 1355; x_wconf 89' lang='lat' dir='ltr'><strong>nendi</strong></span> <span class='ocrx_word' id='word_1_101' title='bbox 342 1300 422 1354; x_wconf 86' lang='lat' dir='ltr'><strong>bocru</strong></span> <span class='ocrx_word' id='word_1_102' title='bbox 437 1300 519 1354; x_wconf 90' lang='lat' dir='ltr'><strong>tantis</strong></span> <span class='ocrx_word' id='word_1_103' title='bbox 538 1297 679 1352; x_wconf 89' lang='lat' dir='ltr'><strong>claudibus</strong></span> <span class='ocrx_word' id='word_1_104' title='bbox 693 1298 876 1367; x_wconf 84' lang='lat' dir='ltr'><strong>pientissimarn</strong></span> <span class='ocrx_word' id='word_1_105' title='bbox 892 1298 1036 1353; x_wconf 87' lang='lat' dir='ltr'><strong>scientiam</strong></span> 
     </span>
     <span class='ocr_line' id='line_1_17' title="bbox 246 1366 1038 1439; baseline -0.001 -15"><span class='ocrx_word' id='word_1_106' title='bbox 246 1376 274 1425; x_wconf 91' lang='lat' dir='ltr'><strong>et</strong></span> <span class='ocrx_word' id='word_1_107' title='bbox 288 1378 450 1439; x_wconf 88' lang='lat' dir='ltr'><strong>potestatem</strong></span> <span class='ocrx_word' id='word_1_108' title='bbox 465 1366 611 1424; x_wconf 86' lang='lat' dir='ltr'><strong>concessit.</strong></span> <span class='ocrx_word' id='word_1_109' title='bbox 637 1366 767 1423; x_wconf 81' lang='lat' dir='ltr'><strong>Ecclesiae</strong></span> <span class='ocrx_word' id='word_1_110' title='bbox 783 1382 838 1423; x_wconf 85' lang='lat' dir='ltr'><strong>suae</strong></span> <span class='ocrx_word' id='word_1_111' title='bbox 864 1368 1038 1436; x_wconf 87' lang='lat' dir='ltr'><strong>omnipotens</strong></span> 
     </span>
     <span class='ocr_line' id='line_1_18' title="bbox 244 1435 1039 1511; baseline -0.004 -17"><span class='ocrx_word' id='word_1_112' title='bbox 244 1439 444 1511; x_wconf 73' lang='lat' dir='ltr'><strong>presidentium</strong></span> <span class='ocrx_word' id='word_1_113' title='bbox 460 1437 618 1494; x_wconf 75' lang='lat' dir='ltr'><strong>reserantia</strong></span> <span class='ocrx_word' id='word_1_114' title='bbox 635 1437 832 1509; x_wconf 73' lang='lat' dir='ltr'><strong>longitudinem</strong></span> <span class='ocrx_word' id='word_1_115' title='bbox 846 1435 952 1493; x_wconf 85' lang='lat' dir='ltr'><strong>ilicium</strong></span> <span class='ocrx_word' id='word_1_116' title='bbox 972 1451 1039 1495; x_wconf 91' lang='lat' dir='ltr'><strong>con-</strong></span> 
     </span>
     <span class='ocr_line' id='line_1_19' title="bbox 244 1516 346 1567; baseline -0.049 0"><span class='ocrx_word' id='word_1_117' title='bbox 244 1516 346 1567; x_wconf 63' lang='lat' dir='ltr'><strong>Sertei.</strong></span> 
     </span>
    </p>
   </div>
   <div class='ocr_carea' id='block_1_6' title="bbox 613 1617 671 1678">
    <p class='ocr_par' dir='ltr' id='par_1_6' title="bbox 613 1617 671 1678">
     <span class='ocr_line' id='line_1_20' title="bbox 613 1617 671 1678; baseline -0.017 0"><span class='ocrx_word' id='word_1_118' title='bbox 613 1617 671 1678; x_wconf 86' lang='lat' dir='ltr'><strong>iiL.</strong></span> 
     </span>
    </p>
   </div>
   <div class='ocr_carea' id='block_1_7' title="bbox 443 1729 839 1899">
    <p class='ocr_par' dir='ltr' id='par_1_7' title="bbox 443 1729 839 1899">
     <span class='ocr_line' id='line_1_21' title="bbox 543 1729 735 1791; baseline -0.005 1"><span class='ocrx_word' id='word_1_119' title='bbox 543 1729 583 1791; x_wconf 82' lang='lat' dir='ltr'><strong>lie</strong></span> <span class='ocrx_word' id='word_1_120' title='bbox 595 1735 686 1791; x_wconf 83' lang='lat' dir='ltr'><strong>eodem</strong></span> <span class='ocrx_word' id='word_1_121' title='bbox 698 1750 735 1791; x_wconf 86' lang='lat' dir='ltr'><strong>re.</strong></span> 
     </span>
     <span class='ocr_line' id='line_1_22' title="bbox 443 1825 839 1899; baseline -0.008 -14"><span class='ocrx_word' id='word_1_122' title='bbox 443 1828 603 1899; x_wconf 67' lang='lat' dir='ltr'><strong>(transtra,</strong></span> <span class='ocrx_word' id='word_1_123' title='bbox 620 1826 706 1882; x_wconf 72' lang='lat' dir='ltr'><strong>auat.</strong></span> <span class='ocrx_word' id='word_1_124' title='bbox 727 1825 839 1896; x_wconf 82' lang='lat' dir='ltr'><strong>bauti.)</strong></span> 
     </span>
    </p>
   </div>
   <div class='ocr_carea' id='block_1_8' title="bbox 243 1930 1040 3052">
    <p class='ocr_par' dir='ltr' id='par_1_8' title="bbox 243 1930 1040 3052">
     <span class='ocr_line' id='line_1_23' title="bbox 286 1930 1040 2007; baseline -0.004 -11"><span class='ocrx_word' id='word_1_125' title='bbox 286 1937 468 1997; x_wconf 78' lang='lat' dir='ltr'><strong>strictissimo</strong></span> <span class='ocrx_word' id='word_1_126' title='bbox 482 1930 556 1994; x_wconf 87' lang='lat' dir='ltr'><strong>Patri</strong></span> <span class='ocrx_word' id='word_1_127' title='bbox 571 1952 603 1994; x_wconf 91' lang='lat' dir='ltr'><strong>ae</strong></span> <span class='ocrx_word' id='word_1_128' title='bbox 621 1932 814 2007; x_wconf 80' lang='lat' dir='ltr'><strong>benignissimo</strong></span> <span class='ocrx_word' id='word_1_129' title='bbox 834 1936 944 1993; x_wconf 89' lang='lat' dir='ltr'><strong>domino</strong></span> <span class='ocrx_word' id='word_1_130' title='bbox 959 1937 1040 1993; x_wconf 87' lang='lat' dir='ltr'><strong>irino-</strong></span> 
     </span>
     <span class='ocr_line' id='line_1_24' title="bbox 246 2006 1038 2080; baseline -0.006 -12"><span class='ocrx_word' id='word_1_131' title='bbox 246 2014 337 2068; x_wconf 87' lang='lat' dir='ltr'><strong>centio</strong></span> <span class='ocrx_word' id='word_1_132' title='bbox 351 2012 396 2067; x_wconf 88' lang='lat' dir='ltr'><strong>Dei</strong></span> <span class='ocrx_word' id='word_1_133' title='bbox 406 2011 491 2080; x_wconf 89' lang='lat' dir='ltr'><strong>gratia</strong></span> <span class='ocrx_word' id='word_1_134' title='bbox 500 2025 605 2065; x_wconf 85' lang='lat' dir='ltr'><strong>semiue</strong></span> <span class='ocrx_word' id='word_1_135' title='bbox 615 2006 867 2077; x_wconf 72' lang='lat' dir='ltr'><strong>pontibc³,liic,imel</strong></span> <span class='ocrx_word' id='word_1_136' title='bbox 879 2008 967 2061; x_wconf 86' lang='lat' dir='ltr'><strong>riiviua</strong></span> <span class='ocrx_word' id='word_1_137' title='bbox 977 2022 1038 2076; x_wconf 88' lang='lat' dir='ltr'><strong>pro-</strong></span> 
     </span>
     <span class='ocr_line' id='line_1_25' title="bbox 245 2072 1039 2147; baseline -0.005 -10"><span class='ocrx_word' id='word_1_138' title='bbox 245 2082 375 2137; x_wconf 89' lang='lat' dir='ltr'><strong>missione</strong></span> <span class='ocrx_word' id='word_1_139' title='bbox 388 2076 554 2145; x_wconf 72' lang='lat' dir='ltr'><strong>Arelatensis</strong></span> <span class='ocrx_word' id='word_1_140' title='bbox 565 2079 793 2147; x_wconf 78' lang='lat' dir='ltr'><strong>:rrelniepiseopas</strong></span> <span class='ocrx_word' id='word_1_141' title='bbox 804 2072 958 2132; x_wconf 84' lang='lat' dir='ltr'><strong>Willelmus</strong></span> <span class='ocrx_word' id='word_1_142' title='bbox 968 2080 1039 2133; x_wconf 78' lang='lat' dir='ltr'><strong>dre·</strong></span> 
     </span>
     <span class='ocr_line' id='line_1_26' title="bbox 246 2145 1036 2216; baseline -0.005 -9"><span class='ocrx_word' id='word_1_143' title='bbox 246 2152 396 2216; x_wconf 84' lang='lat' dir='ltr'><strong>diotrensis,</strong></span> <span class='ocrx_word' id='word_1_144' title='bbox 408 2148 875 2209; x_wconf 74' lang='lat' dir='ltr'><strong>Birrtutsvivariensis,iiairrnuulus</strong></span> <span class='ocrx_word' id='word_1_145' title='bbox 889 2145 1036 2213; x_wconf 89' lang='lat' dir='ltr'><strong>Uticensis,</strong></span> 
     </span>
     <span class='ocr_line' id='line_1_27' title="bbox 244 2215 1037 2287; baseline -0.003 -13"><span class='ocrx_word' id='word_1_146' title='bbox 244 2220 382 2275; x_wconf 74' lang='lat' dir='ltr'><strong>bertaldus</strong></span> <span class='ocrx_word' id='word_1_147' title='bbox 392 2218 593 2278; x_wconf 85' lang='lat' dir='ltr'><strong>Netuauseusis,</strong></span> <span class='ocrx_word' id='word_1_148' title='bbox 607 2216 767 2273; x_wconf 85' lang='lat' dir='ltr'><strong>Guillelrnus</strong></span> <span class='ocrx_word' id='word_1_149' title='bbox 778 2215 946 2287; x_wconf 90' lang='lat' dir='ltr'><strong>liugaiooen.</strong></span> <span class='ocrx_word' id='word_1_150' title='bbox 961 2215 1037 2272; x_wconf 81' lang='lat' dir='ltr'><strong>Grill-</strong></span> 
     </span>
     <span class='ocr_line' id='line_1_28' title="bbox 245 2286 1035 2359; baseline -0.004 -15"><span class='ocrx_word' id='word_1_151' title='bbox 245 2288 634 2359; x_wconf 77' lang='lat' dir='ltr'><strong>lclmusGaripcnterocteasis,</strong></span> <span class='ocrx_word' id='word_1_152' title='bbox 656 2287 817 2343; x_wconf 88' lang='lat' dir='ltr'><strong>Gttiilelmus</strong></span> <span class='ocrx_word' id='word_1_153' title='bbox 836 2286 1035 2354; x_wconf 69' lang='lat' dir='ltr'><strong>serrasiceusis,</strong></span> 
     </span>
     <span class='ocr_line' id='line_1_29' title="bbox 246 2356 1037 2415; baseline -0.005 0"><span class='ocrx_word' id='word_1_154' title='bbox 246 2360 392 2415; x_wconf 86' lang='lat' dir='ltr'><strong>Garriridus</strong></span> <span class='ocrx_word' id='word_1_155' title='bbox 404 2359 648 2413; x_wconf 88' lang='lat' dir='ltr'><strong>&#39;iricastiuetlsiset</strong></span> <span class='ocrx_word' id='word_1_156' title='bbox 665 2356 1037 2412; x_wconf 82' lang='lat' dir='ltr'><strong>liertrandnsCarellieensis</strong></span> 
     </span>
     <span class='ocr_line' id='line_1_30' title="bbox 244 2424 1037 2499; baseline -0.001 -18"><span class='ocrx_word' id='word_1_157' title='bbox 244 2430 376 2499; x_wconf 90' lang='lat' dir='ltr'><strong>episcopi,</strong></span> <span class='ocrx_word' id='word_1_158' title='bbox 388 2440 414 2483; x_wconf 95' lang='lat' dir='ltr'><strong>et</strong></span> <span class='ocrx_word' id='word_1_159' title='bbox 430 2428 578 2483; x_wconf 86' lang='lat' dir='ltr'><strong>linibaidus</strong></span> <span class='ocrx_word' id='word_1_160' title='bbox 595 2427 769 2481; x_wconf 65' lang='lat' dir='ltr'><strong>vasionensis</strong></span> <span class='ocrx_word' id='word_1_161' title='bbox 790 2426 943 2489; x_wconf 87' lang='lat' dir='ltr'><strong>electus,et</strong></span> <span class='ocrx_word' id='word_1_162' title='bbox 967 2424 1037 2481; x_wconf 90' lang='lat' dir='ltr'><strong>Pon·</strong></span> 
     </span>
     <span class='ocr_line' id='line_1_31' title="bbox 247 2490 1035 2566; baseline -0.001 -14"><span class='ocrx_word' id='word_1_163' title='bbox 247 2500 300 2555; x_wconf 90' lang='lat' dir='ltr'><strong>tius</strong></span> <span class='ocrx_word' id='word_1_164' title='bbox 317 2498 474 2553; x_wconf 84' lang='lat' dir='ltr'><strong>monasterii</strong></span> <span class='ocrx_word' id='word_1_165' title='bbox 489 2498 581 2552; x_wconf 77' lang='lat' dir='ltr'><strong>Sancti</strong></span> <span class='ocrx_word' id='word_1_166' title='bbox 596 2490 696 2566; x_wconf 81' lang='lat' dir='ltr'><strong>AEgidii</strong></span> <span class='ocrx_word' id='word_1_167' title='bbox 711 2498 807 2559; x_wconf 81' lang='lat' dir='ltr'><strong>altinas,</strong></span> <span class='ocrx_word' id='word_1_168' title='bbox 832 2494 948 2551; x_wconf 85' lang='lat' dir='ltr'><strong>lutnriics</strong></span> <span class='ocrx_word' id='word_1_169' title='bbox 962 2497 1035 2551; x_wconf 83' lang='lat' dir='ltr'><strong>servi</strong></span> 
     </span>
     <span class='ocr_line' id='line_1_32' title="bbox 246 2566 1036 2637; baseline -0.004 -13"><span class='ocrx_word' id='word_1_170' title='bbox 246 2570 399 2624; x_wconf 87' lang='lat' dir='ltr'><strong>sartetitatis</strong></span> <span class='ocrx_word' id='word_1_171' title='bbox 413 2570 507 2637; x_wconf 81' lang='lat' dir='ltr'><strong>ipsius,</strong></span> <span class='ocrx_word' id='word_1_172' title='bbox 534 2566 727 2636; x_wconf 87' lang='lat' dir='ltr'><strong>longitudinem</strong></span> <span class='ocrx_word' id='word_1_173' title='bbox 744 2566 850 2621; x_wconf 81' lang='lat' dir='ltr'><strong>‹lierttm</strong></span> <span class='ocrx_word' id='word_1_174' title='bbox 863 2580 925 2619; x_wconf 93' lang='lat' dir='ltr'><strong>ctun</strong></span> <span class='ocrx_word' id='word_1_175' title='bbox 939 2566 994 2619; x_wconf 83' lang='lat' dir='ltr'><strong>uita</strong></span> <span class='ocrx_word' id='word_1_176' title='bbox 1007 2575 1036 2627; x_wconf 88' lang='grc' dir='ltr'><strong>ιι</strong></span> 
     </span>
     <span class='ocr_line' id='line_1_33' title="bbox 244 2633 1034 2706; baseline -0.006 -11"><span class='ocrx_word' id='word_1_177' title='bbox 244 2639 331 2695; x_wconf 84' lang='lat' dir='ltr'><strong>sainte</strong></span> <span class='ocrx_word' id='word_1_178' title='bbox 345 2637 468 2706; x_wconf 88' lang='lat' dir='ltr'><strong>perenni.</strong></span> <span class='ocrx_word' id='word_1_179' title='bbox 488 2636 597 2691; x_wconf 90' lang='lat' dir='ltr'><strong>Utinam</strong></span> <span class='ocrx_word' id='word_1_180' title='bbox 619 2633 796 2690; x_wconf 77' lang='lat' dir='ltr'><strong>infallibiliter</strong></span> <span class='ocrx_word' id='word_1_181' title='bbox 817 2643 844 2689; x_wconf 95' lang='lat' dir='ltr'><strong>ct</strong></span> <span class='ocrx_word' id='word_1_182' title='bbox 857 2635 964 2689; x_wconf 88' lang='lat' dir='ltr'><strong>octrlata</strong></span> <span class='ocrx_word' id='word_1_183' title='bbox 982 2636 1034 2690; x_wconf 89' lang='lat' dir='ltr'><strong>lide</strong></span> 
     </span>
     <span class='ocr_line' id='line_1_34' title="bbox 244 2704 1034 2779; baseline -0.003 -16"><span class='ocrx_word' id='word_1_184' title='bbox 244 2718 337 2779; x_wconf 84' lang='lat' dir='ltr'><strong>posset</strong></span> <span class='ocrx_word' id='word_1_185' title='bbox 350 2716 437 2763; x_wconf 82' lang='lat' dir='ltr'><strong>restra</strong></span> <span class='ocrx_word' id='word_1_186' title='bbox 462 2704 591 2761; x_wconf 81' lang='lat' dir='ltr'><strong>sarretltas</strong></span> <span class='ocrx_word' id='word_1_187' title='bbox 611 2705 682 2759; x_wconf 91' lang='lat' dir='ltr'><strong>sicut</strong></span> <span class='ocrx_word' id='word_1_188' title='bbox 697 2720 746 2759; x_wconf 92' lang='lat' dir='ltr'><strong>nos</strong></span> <span class='ocrx_word' id='word_1_189' title='bbox 769 2720 912 2773; x_wconf 88' lang='lat' dir='ltr'><strong>possumus</strong></span> <span class='ocrx_word' id='word_1_190' title='bbox 935 2706 1034 2761; x_wconf 89' lang='lat' dir='ltr'><strong>intueri</strong></span> 
     </span>
     <span class='ocr_line' id='line_1_35' title="bbox 245 2776 1034 2845; baseline 0 -16"><span class='ocrx_word' id='word_1_191' title='bbox 245 2777 363 2845; x_wconf 73' lang='lat' dir='ltr'><strong>«ruraliter</strong></span> <span class='ocrx_word' id='word_1_192' title='bbox 379 2776 505 2831; x_wconf 85' lang='lat' dir='ltr'><strong>rirlelicet</strong></span> <span class='ocrx_word' id='word_1_193' title='bbox 521 2784 613 2843; x_wconf 88' lang='lat' dir='ltr'><strong>partes</strong></span> <span class='ocrx_word' id='word_1_194' title='bbox 640 2782 746 2829; x_wconf 89' lang='lat' dir='ltr'><strong>nostras</strong></span> <span class='ocrx_word' id='word_1_195' title='bbox 758 2783 786 2828; x_wconf 89' lang='lat' dir='ltr'><strong>ct</strong></span> <span class='ocrx_word' id='word_1_196' title='bbox 798 2778 852 2829; x_wconf 88' lang='lat' dir='ltr'><strong>l&#39;cre</strong></span> <span class='ocrx_word' id='word_1_197' title='bbox 868 2783 952 2829; x_wconf 90' lang='lat' dir='ltr'><strong>totam</strong></span> <span class='ocrx_word' id='word_1_198' title='bbox 969 2785 1034 2843; x_wconf 85' lang='lat' dir='ltr'><strong>pro·</strong></span> 
     </span>
     <span class='ocr_line' id='line_1_36' title="bbox 245 2843 1035 2908; baseline 0 -10"><span class='ocrx_word' id='word_1_199' title='bbox 245 2846 362 2901; x_wconf 83' lang='lat' dir='ltr'><strong>rinciarn</strong></span> <span class='ocrx_word' id='word_1_200' title='bbox 376 2844 590 2908; x_wconf 89' lang='lat' dir='ltr'><strong>Narbonensem,</strong></span> <span class='ocrx_word' id='word_1_201' title='bbox 604 2854 690 2899; x_wconf 90' lang='lat' dir='ltr'><strong>terras</strong></span> <span class='ocrx_word' id='word_1_202' title='bbox 703 2843 768 2897; x_wconf 92' lang='lat' dir='ltr'><strong>oiim</strong></span> <span class='ocrx_word' id='word_1_203' title='bbox 782 2844 897 2899; x_wconf 78' lang='lat' dir='ltr'><strong>irrisoriae</strong></span> <span class='ocrx_word' id='word_1_204' title='bbox 910 2846 1035 2898; x_wconf 90' lang='lat' dir='ltr'><strong>tenebra·</strong></span> 
     </span>
     <span class='ocr_line' id='line_1_37' title="bbox 243 2913 1033 2984; baseline -0.001 -14"><span class='ocrx_word' id='word_1_205' title='bbox 243 2929 304 2970; x_wconf 89' lang='lat' dir='ltr'><strong>rom</strong></span> <span class='ocrx_word' id='word_1_206' title='bbox 319 2925 347 2969; x_wconf 86' lang='lat' dir='ltr'><strong>et</strong></span> <span class='ocrx_word' id='word_1_207' title='bbox 361 2914 584 2984; x_wconf 78' lang='lat' dir='ltr'><strong>umbrarmortis,</strong></span> <span class='ocrx_word' id='word_1_208' title='bbox 598 2924 625 2969; x_wconf 91' lang='lat' dir='ltr'><strong>et</strong></span> <span class='ocrx_word' id='word_1_209' title='bbox 637 2914 662 2967; x_wconf 94' lang='lat' dir='ltr'><strong>iu</strong></span> <span class='ocrx_word' id='word_1_210' title='bbox 679 2914 778 2983; x_wconf 89' lang='lat' dir='ltr'><strong>quibus</strong></span> <span class='ocrx_word' id='word_1_211' title='bbox 793 2914 880 2967; x_wconf 87' lang='lat' dir='ltr'><strong>onllus</strong></span> <span class='ocrx_word' id='word_1_212' title='bbox 897 2913 1033 2979; x_wconf 89' lang='lat' dir='ltr'><strong>erdo,sed</strong></span> 
     </span>
     <span class='ocr_line' id='line_1_38' title="bbox 243 2983 1033 3052; baseline -0.004 -12"><span class='ocrx_word' id='word_1_213' title='bbox 243 2984 367 3041; x_wconf 86' lang='lat' dir='ltr'><strong>eoolttsin</strong></span> <span class='ocrx_word' id='word_1_214' title='bbox 387 2986 474 3041; x_wconf 82' lang='lat' dir='ltr'><strong>inerat</strong></span> <span class='ocrx_word' id='word_1_215' title='bbox 500 2984 675 3052; x_wconf 87' lang='lat' dir='ltr'><strong>sempiterna,</strong></span> <span class='ocrx_word' id='word_1_216' title='bbox 702 2997 750 3052; x_wconf 89' lang='lat' dir='ltr'><strong>per</strong></span> <span class='ocrx_word' id='word_1_217' title='bbox 777 2983 958 3037; x_wconf 88' lang='lat' dir='ltr'><strong>ministeriam</strong></span> <span class='ocrx_word' id='word_1_218' title='bbox 987 2998 1033 3038; x_wconf 88' lang='lat' dir='ltr'><strong>ve·</strong></span> 
     </span>
    </p>
   </div>
   <div class='ocr_carea' id='block_1_9' title="bbox 1087 528 1941 1792">
    <p class='ocr_par' dir='ltr' id='par_1_9' title="bbox 1087 528 1941 1792">
     <span class='ocr_line' id='line_1_39' title="bbox 1089 528 1899 600; baseline -0.005 -13"><span class='ocrx_word' id='word_1_219' title='bbox 1089 540 1186 587; x_wconf 77' lang='lat' dir='ltr'><strong>restrae</strong></span> <span class='ocrx_word' id='word_1_220' title='bbox 1199 531 1360 587; x_wconf 87' lang='lat' dir='ltr'><strong>beatitudini</strong></span> <span class='ocrx_word' id='word_1_221' title='bbox 1374 528 1568 600; x_wconf 80' lang='lat' dir='ltr'><strong>jrrstusiuder.</strong></span> <span class='ocrx_word' id='word_1_222' title='bbox 1892 584 1899 597; x_wconf 72' lang='lat'>‚</span> 
     </span>
     <span class='ocr_line' id='line_1_40' title="bbox 1125 598 1901 671; baseline -0.001 -13"><span class='ocrx_word' id='word_1_223' title='bbox 1125 604 1234 664; x_wconf 78' lang='lat' dir='ltr'><strong>Verrem,</strong></span> <span class='ocrx_word' id='word_1_224' title='bbox 1248 602 1329 657; x_wconf 81' lang='lat' dir='ltr'><strong>Pater</strong></span> <span class='ocrx_word' id='word_1_225' title='bbox 1343 600 1525 664; x_wconf 89' lang='lat' dir='ltr'><strong>sanctissime,</strong></span> <span class='ocrx_word' id='word_1_226' title='bbox 1540 600 1632 655; x_wconf 88' lang='lat' dir='ltr'><strong>adbuc</strong></span> <span class='ocrx_word' id='word_1_227' title='bbox 1654 615 1832 671; x_wconf 84' lang='lat' dir='ltr'><strong>summopere</strong></span> <span class='ocrx_word' id='word_1_228' title='bbox 1848 598 1901 657; x_wconf 83' lang='lat' dir='ltr'><strong>ti-&#39;</strong></span> 
     </span>
     <span class='ocr_line' id='line_1_41' title="bbox 1089 672 1883 743; baseline 0.003 -16"><span class='ocrx_word' id='word_1_229' title='bbox 1089 674 1215 729; x_wconf 88' lang='lat' dir='ltr'><strong>mendum</strong></span> <span class='ocrx_word' id='word_1_230' title='bbox 1234 682 1276 727; x_wconf 90' lang='lat' dir='ltr'><strong>est</strong></span> <span class='ocrx_word' id='word_1_231' title='bbox 1289 682 1317 727; x_wconf 92' lang='lat' dir='ltr'><strong>et</strong></span> <span class='ocrx_word' id='word_1_232' title='bbox 1328 672 1479 728; x_wconf 87' lang='lat' dir='ltr'><strong>carertdum</strong></span> <span class='ocrx_word' id='word_1_233' title='bbox 1503 684 1538 724; x_wconf 89' lang='lat' dir='ltr'><strong>oe</strong></span> <span class='ocrx_word' id='word_1_234' title='bbox 1559 684 1694 730; x_wconf 82' lang='lat' dir='ltr'><strong>vencnum</strong></span> <span class='ocrx_word' id='word_1_235' title='bbox 1710 673 1817 743; x_wconf 76' lang='lat' dir='ltr'><strong>iiydrae,</strong></span> <span class='ocrx_word' id='word_1_236' title='bbox 1830 674 1883 729; x_wconf 89' lang='lat' dir='ltr'><strong>bec</strong></span> 
     </span>
     <span class='ocr_line' id='line_1_42' title="bbox 1087 738 1881 809; baseline -0.001 -11"><span class='ocrx_word' id='word_1_237' title='bbox 1087 754 1139 806; x_wconf 86' lang='lat' dir='ltr'><strong>est,</strong></span> <span class='ocrx_word' id='word_1_238' title='bbox 1159 742 1337 797; x_wconf 69' lang='lat' dir='ltr'><strong>dolosissimae</strong></span> <span class='ocrx_word' id='word_1_239' title='bbox 1357 742 1478 796; x_wconf 83' lang='lat' dir='ltr'><strong>ciuitatis</strong></span> <span class='ocrx_word' id='word_1_240' title='bbox 1500 738 1615 805; x_wconf 85' lang='lat' dir='ltr'><strong>Tolosae,</strong></span> <span class='ocrx_word' id='word_1_241' title='bbox 1634 741 1657 797; x_wconf 88' lang='lat' dir='ltr'><strong>si</strong></span> <span class='ocrx_word' id='word_1_242' title='bbox 1672 757 1726 795; x_wconf 91' lang='lat' dir='ltr'><strong>noo</strong></span> <span class='ocrx_word' id='word_1_243' title='bbox 1752 750 1881 809; x_wconf 89' lang='lat' dir='ltr'><strong>tauquam</strong></span> 
     </span>
     <span class='ocr_line' id='line_1_43' title="bbox 1089 810 1883 882; baseline 0 -16"><span class='ocrx_word' id='word_1_244' title='bbox 1089 811 1237 867; x_wconf 88' lang='lat' dir='ltr'><strong>membrum</strong></span> <span class='ocrx_word' id='word_1_245' title='bbox 1249 811 1463 882; x_wconf 80' lang='lat' dir='ltr'><strong>putridissimum</strong></span> <span class='ocrx_word' id='word_1_246' title='bbox 1475 810 1642 877; x_wconf 83' lang='lat' dir='ltr'><strong>succidatur,</strong></span> <span class='ocrx_word' id='word_1_247' title='bbox 1655 821 1683 866; x_wconf 91' lang='lat' dir='ltr'><strong>et</strong></span> <span class='ocrx_word' id='word_1_248' title='bbox 1694 812 1752 881; x_wconf 90' lang='lat' dir='ltr'><strong>ipsa</strong></span> <span class='ocrx_word' id='word_1_249' title='bbox 1761 812 1883 866; x_wconf 87' lang='lat' dir='ltr'><strong>circum·</strong></span> 
     </span>
     <span class='ocr_line' id='line_1_44' title="bbox 1088 878 1883 952; baseline 0 -15"><span class='ocrx_word' id='word_1_250' title='bbox 1088 880 1188 937; x_wconf 84' lang='lat' dir='ltr'><strong>stantia</strong></span> <span class='ocrx_word' id='word_1_251' title='bbox 1205 882 1262 937; x_wconf 88' lang='lat' dir='ltr'><strong>ioca</strong></span> <span class='ocrx_word' id='word_1_252' title='bbox 1275 884 1332 952; x_wconf 81' lang='lat' dir='ltr'><strong>jam</strong></span> <span class='ocrx_word' id='word_1_253' title='bbox 1357 881 1439 950; x_wconf 87' lang='lat' dir='ltr'><strong>plene</strong></span> <span class='ocrx_word' id='word_1_254' title='bbox 1461 878 1575 951; x_wconf 80' lang='lat' dir='ltr'><strong>purgata</strong></span> <span class='ocrx_word' id='word_1_255' title='bbox 1589 888 1618 935; x_wconf 88' lang='lat' dir='ltr'><strong>et</strong></span> <span class='ocrx_word' id='word_1_256' title='bbox 1631 881 1753 937; x_wconf 85' lang='lat' dir='ltr'><strong>saitrbria</strong></span> <span class='ocrx_word' id='word_1_257' title='bbox 1777 882 1883 937; x_wconf 82' lang='lat' dir='ltr'><strong>inliciat</strong></span> 
     </span>
     <span class='ocr_line' id='line_1_45' title="bbox 1089 950 1883 1020; baseline 0.004 -15"><span class='ocrx_word' id='word_1_258' title='bbox 1089 954 1187 1006; x_wconf 90' lang='lat' dir='ltr'><strong>iterum</strong></span> <span class='ocrx_word' id='word_1_259' title='bbox 1203 960 1231 1006; x_wconf 85' lang='lat' dir='ltr'><strong>et</strong></span> <span class='ocrx_word' id='word_1_260' title='bbox 1246 960 1413 1019; x_wconf 90' lang='lat' dir='ltr'><strong>corrumpat,</strong></span> <span class='ocrx_word' id='word_1_261' title='bbox 1428 961 1454 1003; x_wconf 85' lang='lat' dir='ltr'><strong>et</strong></span> <span class='ocrx_word' id='word_1_262' title='bbox 1470 951 1543 1020; x_wconf 87' lang='lat' dir='ltr'><strong>qttod</strong></span> <span class='ocrx_word' id='word_1_263' title='bbox 1559 950 1724 1006; x_wconf 80' lang='lat' dir='ltr'><strong>:ediilcatum</strong></span> <span class='ocrx_word' id='word_1_264' title='bbox 1739 954 1784 1007; x_wconf 74' lang='lat' dir='ltr'><strong>esi</strong></span> <span class='ocrx_word' id='word_1_265' title='bbox 1796 960 1824 1006; x_wconf 92' lang='lat' dir='ltr'><strong>et</strong></span> <span class='ocrx_word' id='word_1_266' title='bbox 1837 967 1883 1008; x_wconf 85' lang='lat' dir='ltr'><strong>re·</strong></span> 
     </span>
     <span class='ocr_line' id='line_1_46' title="bbox 1089 1020 1880 1091; baseline 0.001 -14"><span class='ocrx_word' id='word_1_267' title='bbox 1089 1023 1234 1077; x_wconf 83' lang='lat' dir='ltr'><strong>sarmatum</strong></span> <span class='ocrx_word' id='word_1_268' title='bbox 1255 1038 1270 1074; x_wconf 92' lang='lat' dir='ltr'><strong>a</strong></span> <span class='ocrx_word' id='word_1_269' title='bbox 1288 1022 1363 1078; x_wconf 73' lang='lat' dir='ltr'><strong>rolris</strong></span> <span class='ocrx_word' id='word_1_270' title='bbox 1392 1020 1485 1075; x_wconf 82' lang='lat' dir='ltr'><strong>nutritis</strong></span> <span class='ocrx_word' id='word_1_271' title='bbox 1501 1020 1641 1076; x_wconf 80' lang='lat' dir='ltr'><strong>laboribus</strong></span> <span class='ocrx_word' id='word_1_272' title='bbox 1653 1030 1682 1076; x_wconf 90' lang='lat' dir='ltr'><strong>et</strong></span> <span class='ocrx_word' id='word_1_273' title='bbox 1696 1022 1835 1091; x_wconf 82' lang='lat' dir='ltr'><strong>expensis,</strong></span> <span class='ocrx_word' id='word_1_274' title='bbox 1852 1024 1880 1078; x_wconf 93' lang='lat' dir='ltr'><strong>ln</strong></span> 
     </span>
     <span class='ocr_line' id='line_1_47' title="bbox 1088 1091 1881 1162; baseline 0.001 -15"><span class='ocrx_word' id='word_1_275' title='bbox 1088 1092 1229 1162; x_wconf 89' lang='lat' dir='ltr'><strong>antiquum</strong></span> <span class='ocrx_word' id='word_1_276' title='bbox 1241 1092 1325 1149; x_wconf 84' lang='lat' dir='ltr'><strong>cltaos</strong></span> <span class='ocrx_word' id='word_1_277' title='bbox 1339 1091 1451 1156; x_wconf 90' lang='lat' dir='ltr'><strong>recidat,</strong></span> <span class='ocrx_word' id='word_1_278' title='bbox 1464 1100 1512 1146; x_wconf 89' lang='lat' dir='ltr'><strong>aut</strong></span> <span class='ocrx_word' id='word_1_279' title='bbox 1525 1092 1551 1145; x_wconf 89' lang='lat' dir='ltr'><strong>in</strong></span> <span class='ocrx_word' id='word_1_280' title='bbox 1576 1091 1660 1147; x_wconf 91' lang='lat' dir='ltr'><strong>molto</strong></span> <span class='ocrx_word' id='word_1_281' title='bbox 1674 1092 1796 1147; x_wconf 90' lang='lat' dir='ltr'><strong>deterius</strong></span> <span class='ocrx_word' id='word_1_282' title='bbox 1810 1094 1881 1149; x_wconf 86' lang='lat' dir='ltr'><strong>rela-</strong></span> 
     </span>
     <span class='ocr_line' id='line_1_48' title="bbox 1088 1160 1882 1231; baseline 0.001 -12"><span class='ocrx_word' id='word_1_283' title='bbox 1088 1164 1180 1219; x_wconf 85' lang='lat' dir='ltr'><strong>batur.</strong></span> <span class='ocrx_word' id='word_1_284' title='bbox 1204 1160 1323 1218; x_wconf 88' lang='lat' dir='ltr'><strong>Proinde</strong></span> <span class='ocrx_word' id='word_1_285' title='bbox 1339 1160 1500 1231; x_wconf 89' lang='lat' dir='ltr'><strong>benignitati</strong></span> <span class='ocrx_word' id='word_1_286' title='bbox 1527 1168 1627 1215; x_wconf 81' lang='lat' dir='ltr'><strong>restrae</strong></span> <span class='ocrx_word' id='word_1_287' title='bbox 1649 1176 1711 1216; x_wconf 89' lang='grc' dir='ltr'>ιιιιιι</span> <span class='ocrx_word' id='word_1_288' title='bbox 1737 1163 1882 1219; x_wconf 79' lang='lat' dir='ltr'><strong>devotione</strong></span> 
     </span>
     <span class='ocr_line' id='line_1_49' title="bbox 1088 1229 1941 1303; baseline -0.002 -15"><span class='ocrx_word' id='word_1_289' title='bbox 1088 1233 1241 1289; x_wconf 90' lang='lat' dir='ltr'><strong>omnimoda</strong></span> <span class='ocrx_word' id='word_1_290' title='bbox 1249 1230 1326 1287; x_wconf 80' lang='lat' dir='ltr'><strong>lieris</strong></span> <span class='ocrx_word' id='word_1_291' title='bbox 1337 1232 1450 1303; x_wconf 88' lang='lat' dir='ltr'><strong>geniiurs</strong></span> <span class='ocrx_word' id='word_1_292' title='bbox 1461 1241 1489 1286; x_wconf 90' lang='lat' dir='ltr'><strong>et</strong></span> <span class='ocrx_word' id='word_1_293' title='bbox 1500 1229 1619 1300; x_wconf 88' lang='lat' dir='ltr'><strong>proitrsis</strong></span> <span class='ocrx_word' id='word_1_294' title='bbox 1633 1230 1761 1302; x_wconf 82' lang='lat' dir='ltr'><strong>iacrymis</strong></span> <span class='ocrx_word' id='word_1_295' title='bbox 1776 1234 1881 1302; x_wconf 55' lang='lat' dir='ltr'><strong>suppli*</strong></span> <span class='ocrx_word' id='word_1_296' title='bbox 1930 1246 1941 1260; x_wconf 82' lang='lat'><strong>·</strong></span> 
     </span>
     <span class='ocr_line' id='line_1_50' title="bbox 1088 1298 1881 1371; baseline 0.001 -13"><span class='ocrx_word' id='word_1_297' title='bbox 1088 1310 1183 1358; x_wconf 83' lang='lat' dir='ltr'><strong>catinus</strong></span> <span class='ocrx_word' id='word_1_298' title='bbox 1193 1314 1327 1371; x_wconf 85' lang='lat' dir='ltr'><strong>quatenus</strong></span> <span class='ocrx_word' id='word_1_299' title='bbox 1339 1301 1581 1357; x_wconf 86' lang='lat' dir='ltr'><strong>sectrmlumzclom</strong></span> <span class='ocrx_word' id='word_1_300' title='bbox 1596 1298 1723 1366; x_wconf 87' lang='lat' dir='ltr'><strong>Pbinees,</strong></span> <span class='ocrx_word' id='word_1_301' title='bbox 1737 1313 1817 1371; x_wconf 86' lang='lat' dir='ltr'><strong>quem</strong></span> <span class='ocrx_word' id='word_1_302' title='bbox 1833 1305 1881 1359; x_wconf 70' lang='lat' dir='ltr'><strong>ba⁴</strong></span> 
     </span>
     <span class='ocr_line' id='line_1_51' title="bbox 1089 1370 1881 1443; baseline -0.001 -16"><span class='ocrx_word' id='word_1_303' title='bbox 1089 1370 1168 1436; x_wconf 90' lang='lat' dir='ltr'><strong>betis,</strong></span> <span class='ocrx_word' id='word_1_304' title='bbox 1186 1372 1441 1443; x_wconf 86' lang='lat' dir='ltr'><strong>arripiatjedicinm</strong></span> <span class='ocrx_word' id='word_1_305' title='bbox 1457 1386 1552 1425; x_wconf 86' lang='lat' dir='ltr'><strong>mattos</strong></span> <span class='ocrx_word' id='word_1_306' title='bbox 1566 1382 1667 1437; x_wconf 85' lang='lat' dir='ltr'><strong>restra,</strong></span> <span class='ocrx_word' id='word_1_307' title='bbox 1687 1382 1716 1427; x_wconf 89' lang='lat' dir='ltr'><strong>et</strong></span> <span class='ocrx_word' id='word_1_308' title='bbox 1729 1371 1881 1428; x_wconf 76' lang='lat' dir='ltr'><strong>fermenta-</strong></span> 
     </span>
     <span class='ocr_line' id='line_1_52' title="bbox 1089 1440 1881 1513; baseline 0.001 -15"><span class='ocrx_word' id='word_1_309' title='bbox 1089 1444 1191 1498; x_wconf 86' lang='lat' dir='ltr'><strong>tissima</strong></span> <span class='ocrx_word' id='word_1_310' title='bbox 1205 1442 1301 1499; x_wconf 84' lang='lat' dir='ltr'><strong>ciuitas</strong></span> <span class='ocrx_word' id='word_1_311' title='bbox 1316 1442 1361 1497; x_wconf 88' lang='lat' dir='ltr'><strong>ilia</strong></span> <span class='ocrx_word' id='word_1_312' title='bbox 1373 1453 1433 1495; x_wconf 88' lang='lat' dir='ltr'><strong>eum</strong></span> <span class='ocrx_word' id='word_1_313' title='bbox 1446 1440 1590 1495; x_wconf 73' lang='lat' dir='ltr'><strong>‘sceleratis</strong></span> <span class='ocrx_word' id='word_1_314' title='bbox 1605 1440 1729 1496; x_wconf 91' lang='lat' dir='ltr'><strong>omnibus</strong></span> <span class='ocrx_word' id='word_1_315' title='bbox 1740 1444 1881 1513; x_wconf 79' lang='lat' dir='ltr'><strong>spurcitie</strong></span> 
     </span>
     <span class='ocr_line' id='line_1_53' title="bbox 1088 1509 1879 1583; baseline 0.001 -15"><span class='ocrx_word' id='word_1_316' title='bbox 1088 1518 1117 1568; x_wconf 89' lang='lat' dir='ltr'><strong>el</strong></span> <span class='ocrx_word' id='word_1_317' title='bbox 1131 1513 1256 1568; x_wconf 90' lang='lat' dir='ltr'><strong>sordilms</strong></span> <span class='ocrx_word' id='word_1_318' title='bbox 1271 1528 1332 1581; x_wconf 75' lang='lat' dir='ltr'><strong>quae</strong></span> <span class='ocrx_word' id='word_1_319' title='bbox 1351 1521 1382 1567; x_wconf 87' lang='lat' dir='ltr'><strong>sc</strong></span> <span class='ocrx_word' id='word_1_320' title='bbox 1396 1509 1465 1565; x_wconf 86' lang='lat' dir='ltr'><strong>inira</strong></span> <span class='ocrx_word' id='word_1_321' title='bbox 1488 1511 1621 1566; x_wconf 85' lang='lat' dir='ltr'><strong>tutttidunr</strong></span> <span class='ocrx_word' id='word_1_322' title='bbox 1640 1520 1758 1568; x_wconf 80' lang='lat' dir='ltr'><strong>ventrem</strong></span> <span class='ocrx_word' id='word_1_323' title='bbox 1776 1515 1879 1583; x_wconf 79' lang='lat' dir='ltr'><strong>viperae</strong></span> 
     </span>
     <span class='ocr_line' id='line_1_54' title="bbox 1088 1581 1879 1652; baseline 0.001 -14"><span class='ocrx_word' id='word_1_324' title='bbox 1088 1592 1262 1652; x_wconf 88' lang='lat' dir='ltr'><strong>receperunt,</strong></span> <span class='ocrx_word' id='word_1_325' title='bbox 1277 1598 1338 1639; x_wconf 90' lang='lat' dir='ltr'><strong>cum</strong></span> <span class='ocrx_word' id='word_1_326' title='bbox 1355 1583 1381 1636; x_wconf 89' lang='lat' dir='ltr'><strong>in</strong></span> <span class='ocrx_word' id='word_1_327' title='bbox 1398 1596 1445 1636; x_wconf 89' lang='lat' dir='ltr'><strong>sua</strong></span> <span class='ocrx_word' id='word_1_328' title='bbox 1464 1581 1566 1635; x_wconf 89' lang='lat' dir='ltr'><strong>malitia</strong></span> <span class='ocrx_word' id='word_1_329' title='bbox 1582 1595 1635 1636; x_wconf 90' lang='lat' dir='ltr'><strong>oon</strong></span> <span class='ocrx_word' id='word_1_330' title='bbox 1649 1583 1685 1637; x_wconf 91' lang='lat' dir='ltr'><strong>sit</strong></span> <span class='ocrx_word' id='word_1_331' title='bbox 1697 1582 1809 1638; x_wconf 90' lang='lat' dir='ltr'><strong>inierior</strong></span> <span class='ocrx_word' id='word_1_332' title='bbox 1825 1582 1879 1639; x_wconf 89' lang='lat' dir='ltr'><strong>Se·</strong></span> 
     </span>
     <span class='ocr_line' id='line_1_55' title="bbox 1088 1647 1877 1715; baseline 0.003 -8"><span class='ocrx_word' id='word_1_333' title='bbox 1088 1652 1168 1708; x_wconf 84' lang='lat' dir='ltr'><strong>derina</strong></span> <span class='ocrx_word' id='word_1_334' title='bbox 1185 1662 1214 1708; x_wconf 91' lang='lat' dir='ltr'><strong>et</strong></span> <span class='ocrx_word' id='word_1_335' title='bbox 1230 1647 1392 1715; x_wconf 85' lang='lat' dir='ltr'><strong>Gomorrha,</strong></span> <span class='ocrx_word' id='word_1_336' title='bbox 1407 1650 1498 1706; x_wconf 90' lang='lat' dir='ltr'><strong>debito</strong></span> <span class='ocrx_word' id='word_1_337' title='bbox 1508 1652 1672 1707; x_wconf 81' lang='lat' dir='ltr'><strong>externrinio</strong></span> <span class='ocrx_word' id='word_1_338' title='bbox 1688 1653 1815 1709; x_wconf 79' lang='lat' dir='ltr'><strong>radicitus</strong></span> <span class='ocrx_word' id='word_1_339' title='bbox 1827 1668 1877 1709; x_wconf 89' lang='lat' dir='ltr'><strong>ex-</strong></span> 
     </span>
     <span class='ocr_line' id='line_1_56' title="bbox 1088 1719 1880 1792; baseline 0.003 -17"><span class='ocrx_word' id='word_1_340' title='bbox 1088 1724 1235 1792; x_wconf 81' lang='lat' dir='ltr'><strong>plantetur.</strong></span> <span class='ocrx_word' id='word_1_341' title='bbox 1251 1722 1368 1778; x_wconf 79' lang='lat' dir='ltr'><strong>sienim</strong></span> <span class='ocrx_word' id='word_1_342' title='bbox 1395 1719 1507 1787; x_wconf 84' lang='lat' dir='ltr'><strong>iaqrreus</strong></span> <span class='ocrx_word' id='word_1_343' title='bbox 1527 1719 1572 1775; x_wconf 90' lang='lat' dir='ltr'><strong>ille</strong></span> <span class='ocrx_word' id='word_1_344' title='bbox 1590 1723 1726 1775; x_wconf 89' lang='lat' dir='ltr'><strong>contritus</strong></span> <span class='ocrx_word' id='word_1_345' title='bbox 1744 1722 1837 1785; x_wconf 86' lang='lat' dir='ltr'><strong>inerit,</strong></span> <span class='ocrx_word' id='word_1_346' title='bbox 1850 1731 1880 1777; x_wconf 89' lang='lat' dir='ltr'><strong>et</strong></span> 
     </span>
    </p>
   </div>
   <div class='ocr_carea' id='block_1_10' title="bbox 1053 1790 1880 1862">
    <p class='ocr_par' dir='ltr' id='par_1_10' title="bbox 1053 1790 1880 1862">
     <span class='ocr_line' id='line_1_57' title="bbox 1053 1790 1880 1862; baseline 0.001 -16"><span class='ocrx_word' id='word_1_347' title='bbox 1053 1798 1075 1854; x_wconf 84' lang='grc' dir='ltr'><strong>Β</strong></span> <span class='ocrx_word' id='word_1_348' title='bbox 1090 1807 1138 1849; x_wconf 92' lang='lat' dir='ltr'><strong>nos</strong></span> <span class='ocrx_word' id='word_1_349' title='bbox 1150 1792 1253 1848; x_wconf 90' lang='lat' dir='ltr'><strong>erirnus</strong></span> <span class='ocrx_word' id='word_1_350' title='bbox 1273 1790 1389 1848; x_wconf 88' lang='lat' dir='ltr'><strong>liberati.</strong></span> <span class='ocrx_word' id='word_1_351' title='bbox 1405 1790 1571 1860; x_wconf 77' lang='lat' dir='ltr'><strong>alioquinin</strong></span> <span class='ocrx_word' id='word_1_352' title='bbox 1587 1792 1714 1857; x_wconf 80' lang='lat' dir='ltr'><strong>ren-itata,</strong></span> <span class='ocrx_word' id='word_1_353' title='bbox 1730 1805 1792 1862; x_wconf 75' lang='lat' dir='ltr'><strong>qua</strong></span> <span class='ocrx_word' id='word_1_354' title='bbox 1809 1791 1880 1847; x_wconf 81' lang='lat' dir='ltr'><strong>bears</strong></span> 
     </span>
    </p>
   </div>
   <div class='ocr_carea' id='block_1_11' title="bbox 1084 1861 1879 3051">
    <p class='ocr_par' dir='ltr' id='par_1_11' title="bbox 1084 1861 1879 3051">
     <span class='ocr_line' id='line_1_58' title="bbox 1090 1861 1879 1932; baseline -0.001 -15"><span class='ocrx_word' id='word_1_355' title='bbox 1090 1873 1144 1929; x_wconf 89' lang='lat' dir='ltr'><strong>est,</strong></span> <span class='ocrx_word' id='word_1_356' title='bbox 1156 1862 1233 1918; x_wconf 84' lang='lat' dir='ltr'><strong>robis</strong></span> <span class='ocrx_word' id='word_1_357' title='bbox 1242 1862 1379 1932; x_wconf 92' lang='lat' dir='ltr'><strong>loquimur</strong></span> <span class='ocrx_word' id='word_1_358' title='bbox 1388 1869 1416 1916; x_wconf 93' lang='lat' dir='ltr'><strong>et</strong></span> <span class='ocrx_word' id='word_1_359' title='bbox 1430 1868 1563 1915; x_wconf 85' lang='lat' dir='ltr'><strong>testamur</strong></span> <span class='ocrx_word' id='word_1_360' title='bbox 1575 1864 1646 1929; x_wconf 90' lang='lat' dir='ltr'><strong>quod</strong></span> <span class='ocrx_word' id='word_1_361' title='bbox 1660 1864 1683 1918; x_wconf 91' lang='lat' dir='ltr'><strong>si</strong></span> <span class='ocrx_word' id='word_1_362' title='bbox 1695 1861 1766 1917; x_wconf 88' lang='lat' dir='ltr'><strong>iorte</strong></span> <span class='ocrx_word' id='word_1_363' title='bbox 1782 1876 1879 1932; x_wconf 88' lang='lat' dir='ltr'><strong>pecca·</strong></span> 
     </span>
     <span class='ocr_line' id='line_1_59' title="bbox 1090 1930 1879 2003; baseline -0.001 -16"><span class='ocrx_word' id='word_1_364' title='bbox 1090 1933 1125 1987; x_wconf 92' lang='lat' dir='ltr'><strong>tis</strong></span> <span class='ocrx_word' id='word_1_365' title='bbox 1140 1934 1240 1987; x_wconf 86' lang='lat' dir='ltr'><strong>nostris</strong></span> <span class='ocrx_word' id='word_1_366' title='bbox 1252 1932 1423 2003; x_wconf 81' lang='lat' dir='ltr'><strong>erigentibus</strong></span> <span class='ocrx_word' id='word_1_367' title='bbox 1445 1940 1576 2002; x_wconf 81' lang='lat' dir='ltr'><strong>tyrannus</strong></span> <span class='ocrx_word' id='word_1_368' title='bbox 1599 1930 1644 1985; x_wconf 89' lang='lat' dir='ltr'><strong>ilie</strong></span> <span class='ocrx_word' id='word_1_369' title='bbox 1662 1930 1705 1986; x_wconf 80' lang='lat' dir='ltr'><strong>ael</strong></span> <span class='ocrx_word' id='word_1_370' title='bbox 1719 1934 1811 2001; x_wconf 89' lang='lat' dir='ltr'><strong>potius</strong></span> <span class='ocrx_word' id='word_1_371' title='bbox 1823 1932 1879 1986; x_wconf 73' lang='lat' dir='ltr'><strong>bae</strong></span> 
     </span>
     <span class='ocr_line' id='line_1_60' title="bbox 1090 1999 1876 2072; baseline -0.001 -14"><span class='ocrx_word' id='word_1_372' title='bbox 1090 2004 1191 2058; x_wconf 88' lang='lat' dir='ltr'><strong>retices</strong></span> <span class='ocrx_word' id='word_1_373' title='bbox 1204 2002 1362 2067; x_wconf 86' lang='lat' dir='ltr'><strong>Tolosanus,</strong></span> <span class='ocrx_word' id='word_1_374' title='bbox 1389 2008 1435 2054; x_wconf 93' lang='lat' dir='ltr'><strong>aut</strong></span> <span class='ocrx_word' id='word_1_375' title='bbox 1454 2000 1537 2055; x_wconf 86' lang='lat' dir='ltr'><strong>etiarn</strong></span> <span class='ocrx_word' id='word_1_376' title='bbox 1551 1999 1623 2055; x_wconf 87' lang='lat' dir='ltr'><strong>illius</strong></span> <span class='ocrx_word' id='word_1_377' title='bbox 1640 2002 1715 2072; x_wconf 80' lang='lat' dir='ltr'><strong>ejus,</strong></span> <span class='ocrx_word' id='word_1_378' title='bbox 1729 2004 1876 2058; x_wconf 78' lang='lat' dir='ltr'><strong>cenidium</strong></span> 
     </span>
     <span class='ocr_line' id='line_1_61' title="bbox 1088 2070 1879 2143; baseline -0.004 -15"><span class='ocrx_word' id='word_1_379' title='bbox 1088 2080 1171 2143; x_wconf 85' lang='lat' dir='ltr'><strong>caput</strong></span> <span class='ocrx_word' id='word_1_380' title='bbox 1189 2078 1218 2127; x_wconf 84' lang='lat' dir='ltr'><strong>ei</strong></span> <span class='ocrx_word' id='word_1_381' title='bbox 1242 2070 1340 2128; x_wconf 86' lang='lat' dir='ltr'><strong>iortirts</strong></span> <span class='ocrx_word' id='word_1_382' title='bbox 1354 2071 1550 2125; x_wconf 87' lang='lat' dir='ltr'><strong>conterendam</strong></span> <span class='ocrx_word' id='word_1_383' title='bbox 1573 2072 1704 2141; x_wconf 88' lang='lat' dir='ltr'><strong>erigeret,</strong></span> <span class='ocrx_word' id='word_1_384' title='bbox 1731 2074 1879 2141; x_wconf 83' lang='lat' dir='ltr'><strong>assumptis</strong></span> 
     </span>
     <span class='ocr_line' id='line_1_62' title="bbox 1088 2138 1877 2213; baseline -0.001 -16"><span class='ocrx_word' id='word_1_385' title='bbox 1088 2142 1149 2198; x_wconf 84' lang='lat' dir='ltr'><strong>aliie</strong></span> <span class='ocrx_word' id='word_1_386' title='bbox 1171 2154 1273 2212; x_wconf 86' lang='lat' dir='ltr'><strong>septem</strong></span> <span class='ocrx_word' id='word_1_387' title='bbox 1291 2138 1620 2212; x_wconf 88' lang='lat' dir='ltr'><strong>spiritibusnequioribus</strong></span> <span class='ocrx_word' id='word_1_388' title='bbox 1635 2156 1674 2209; x_wconf 88' lang='lat' dir='ltr'><strong>se,</strong></span> <span class='ocrx_word' id='word_1_389' title='bbox 1687 2150 1718 2195; x_wconf 91' lang='grc' dir='ltr'><strong>ιιι</strong></span> <span class='ocrx_word' id='word_1_390' title='bbox 1731 2142 1877 2213; x_wconf 86' lang='lat' dir='ltr'><strong>singularis</strong></span> 
     </span>
     <span class='ocr_line' id='line_1_63' title="bbox 1088 2212 1877 2283; baseline -0.003 -16"><span class='ocrx_word' id='word_1_391' title='bbox 1088 2212 1162 2270; x_wconf 87' lang='lat' dir='ltr'><strong>leurs</strong></span> <span class='ocrx_word' id='word_1_392' title='bbox 1176 2223 1204 2268; x_wconf 91' lang='lat' dir='ltr'><strong>et</strong></span> <span class='ocrx_word' id='word_1_393' title='bbox 1217 2213 1259 2267; x_wconf 90' lang='lat' dir='ltr'><strong>leo</strong></span> <span class='ocrx_word' id='word_1_394' title='bbox 1275 2213 1383 2283; x_wconf 91' lang='lat' dir='ltr'><strong>rugiens</strong></span> <span class='ocrx_word' id='word_1_395' title='bbox 1405 2217 1433 2265; x_wconf 89' lang='lat' dir='ltr'><strong>et</strong></span> <span class='ocrx_word' id='word_1_396' title='bbox 1455 2218 1581 2279; x_wconf 79' lang='lat' dir='ltr'><strong>quaerens</strong></span> <span class='ocrx_word' id='word_1_397' title='bbox 1592 2226 1661 2279; x_wconf 89' lang='lat' dir='ltr'><strong>qnos</strong></span> <span class='ocrx_word' id='word_1_398' title='bbox 1684 2212 1806 2276; x_wconf 80' lang='lat' dir='ltr'><strong>devoret,</strong></span> <span class='ocrx_word' id='word_1_399' title='bbox 1821 2213 1877 2266; x_wconf 81' lang='lat' dir='ltr'><strong>sin·</strong></span> 
     </span>
     <span class='ocr_line' id='line_1_64' title="bbox 1087 2280 1876 2357; baseline -0.001 -20"><span class='ocrx_word' id='word_1_400' title='bbox 1087 2283 1150 2357; x_wconf 87' lang='lat' dir='ltr'><strong>gula</strong></span> <span class='ocrx_word' id='word_1_401' title='bbox 1164 2282 1333 2346; x_wconf 77' lang='lat' dir='ltr'><strong>devastaret,</strong></span> <span class='ocrx_word' id='word_1_402' title='bbox 1356 2280 1384 2335; x_wconf 90' lang='grc' dir='ltr'><strong>ιι</strong></span> <span class='ocrx_word' id='word_1_403' title='bbox 1406 2280 1575 2336; x_wconf 82' lang='lat' dir='ltr'><strong>subverteret</strong></span> <span class='ocrx_word' id='word_1_404' title='bbox 1591 2282 1735 2349; x_wconf 82' lang='lat' dir='ltr'><strong>attinersa;</strong></span> <span class='ocrx_word' id='word_1_405' title='bbox 1754 2293 1784 2336; x_wconf 92' lang='lat' dir='ltr'><strong>ut</strong></span> <span class='ocrx_word' id='word_1_406' title='bbox 1798 2282 1876 2350; x_wconf 84' lang='lat' dir='ltr'><strong>longe</strong></span> 
     </span>
     <span class='ocr_line' id='line_1_65' title="bbox 1089 2350 1877 2421; baseline -0.01 -9"><span class='ocrx_word' id='word_1_407' title='bbox 1089 2353 1255 2412; x_wconf 84' lang='lat' dir='ltr'><strong>tolerabilius</strong></span> <span class='ocrx_word' id='word_1_408' title='bbox 1272 2360 1344 2407; x_wconf 89' lang='lat' dir='ltr'><strong>esset</strong></span> <span class='ocrx_word' id='word_1_409' title='bbox 1353 2350 1502 2405; x_wconf 84' lang='lat' dir='ltr'><strong>Ecclesiam</strong></span> <span class='ocrx_word' id='word_1_410' title='bbox 1513 2364 1573 2419; x_wconf 88' lang='lat' dir='ltr'><strong>quae</strong></span> <span class='ocrx_word' id='word_1_411' title='bbox 1587 2359 1629 2404; x_wconf 89' lang='lat' dir='ltr'><strong>est</strong></span> <span class='ocrx_word' id='word_1_412' title='bbox 1644 2351 1671 2405; x_wconf 92' lang='lat' dir='ltr'><strong>in</strong></span> <span class='ocrx_word' id='word_1_413' title='bbox 1689 2352 1814 2421; x_wconf 84' lang='lat' dir='ltr'><strong>partibus</strong></span> <span class='ocrx_word' id='word_1_414' title='bbox 1827 2366 1877 2405; x_wconf 91' lang='lat' dir='ltr'><strong>no·</strong></span> 
     </span>
     <span class='ocr_line' id='line_1_66' title="bbox 1087 2420 1877 2492; baseline -0.008 -11"><span class='ocrx_word' id='word_1_415' title='bbox 1087 2424 1152 2481; x_wconf 89' lang='lat' dir='ltr'><strong>stris</strong></span> <span class='ocrx_word' id='word_1_416' title='bbox 1162 2438 1223 2479; x_wconf 87' lang='lat' dir='ltr'><strong>csse</strong></span> <span class='ocrx_word' id='word_1_417' title='bbox 1238 2420 1280 2478; x_wconf 85' lang='lat' dir='ltr'><strong>uei</strong></span> <span class='ocrx_word' id='word_1_418' title='bbox 1292 2422 1415 2478; x_wconf 88' lang='lat' dir='ltr'><strong>babitare</strong></span> <span class='ocrx_word' id='word_1_419' title='bbox 1429 2420 1501 2476; x_wconf 91' lang='lat' dir='ltr'><strong>inter</strong></span> <span class='ocrx_word' id='word_1_420' title='bbox 1509 2421 1641 2476; x_wconf 88' lang='lat' dir='ltr'><strong>barbaras</strong></span> <span class='ocrx_word' id='word_1_421' title='bbox 1654 2422 1780 2477; x_wconf 86' lang='lat' dir='ltr'><strong>nationes</strong></span> <span class='ocrx_word' id='word_1_422' title='bbox 1793 2438 1877 2492; x_wconf 87' lang='lat' dir='ltr'><strong>quarn</strong></span> 
     </span>
     <span class='ocr_line' id='line_1_67' title="bbox 1086 2490 1877 2563; baseline -0.005 -14"><span class='ocrx_word' id='word_1_423' title='bbox 1086 2496 1120 2550; x_wconf 89' lang='lat' dir='ltr'><strong>ad</strong></span> <span class='ocrx_word' id='word_1_424' title='bbox 1135 2494 1277 2562; x_wconf 90' lang='lat' dir='ltr'><strong>pristinam</strong></span> <span class='ocrx_word' id='word_1_425' title='bbox 1294 2493 1480 2549; x_wconf 87' lang='lat' dir='ltr'><strong>certiusiouem</strong></span> <span class='ocrx_word' id='word_1_426' title='bbox 1507 2491 1606 2545; x_wconf 92' lang='lat' dir='ltr'><strong>redire.</strong></span> <span class='ocrx_word' id='word_1_427' title='bbox 1631 2490 1776 2546; x_wconf 83' lang='lat' dir='ltr'><strong>Prouideat</strong></span> <span class='ocrx_word' id='word_1_428' title='bbox 1795 2493 1877 2563; x_wconf 88' lang='lat' dir='ltr'><strong>igitur</strong></span> 
     </span>
     <span class='ocr_line' id='line_1_68' title="bbox 1086 2559 1877 2633; baseline -0.005 -14"><span class='ocrx_word' id='word_1_429' title='bbox 1086 2563 1234 2633; x_wconf 87' lang='lat' dir='ltr'><strong>apostolica</strong></span> <span class='ocrx_word' id='word_1_430' title='bbox 1250 2561 1461 2629; x_wconf 78' lang='lat' dir='ltr'><strong>circrrnrspeetin</strong></span> <span class='ocrx_word' id='word_1_431' title='bbox 1481 2559 1582 2615; x_wconf 83' lang='lat' dir='ltr'><strong>lutaris</strong></span> <span class='ocrx_word' id='word_1_432' title='bbox 1598 2561 1722 2617; x_wconf 75' lang='lat' dir='ltr'><strong>cladibus</strong></span> <span class='ocrx_word' id='word_1_433' title='bbox 1736 2572 1765 2617; x_wconf 89' lang='lat' dir='ltr'><strong>et</strong></span> <span class='ocrx_word' id='word_1_434' title='bbox 1779 2577 1877 2618; x_wconf 64' lang='lat' dir='ltr'><strong>ucetrr»</strong></span> 
     </span>
     <span class='ocr_line' id='line_1_69' title="bbox 1087 2630 1874 2702; baseline -0.005 -13"><span class='ocrx_word' id='word_1_435' title='bbox 1087 2645 1140 2699; x_wconf 87' lang='lat' dir='ltr'><strong>rat,</strong></span> <span class='ocrx_word' id='word_1_436' title='bbox 1162 2648 1196 2688; x_wconf 91' lang='lat' dir='ltr'><strong>ne</strong></span> <span class='ocrx_word' id='word_1_437' title='bbox 1222 2634 1369 2702; x_wconf 75' lang='lat' dir='ltr'><strong>prevaleat</strong></span> <span class='ocrx_word' id='word_1_438' title='bbox 1393 2630 1528 2697; x_wconf 87' lang='lat' dir='ltr'><strong>inimicus,</strong></span> <span class='ocrx_word' id='word_1_439' title='bbox 1554 2645 1604 2686; x_wconf 93' lang='lat' dir='ltr'><strong>nec</strong></span> <span class='ocrx_word' id='word_1_440' title='bbox 1624 2644 1640 2685; x_wconf 83' lang='lat' dir='ltr'><strong>a</strong></span> <span class='ocrx_word' id='word_1_441' title='bbox 1659 2641 1713 2685; x_wconf 89' lang='lat' dir='ltr'><strong>tarn</strong></span> <span class='ocrx_word' id='word_1_442' title='bbox 1739 2633 1794 2701; x_wconf 90' lang='lat' dir='ltr'><strong>pio,</strong></span> <span class='ocrx_word' id='word_1_443' title='bbox 1819 2644 1874 2687; x_wconf 85' lang='lat' dir='ltr'><strong>tarn</strong></span> 
     </span>
     <span class='ocr_line' id='line_1_70' title="bbox 1086 2701 1877 2771; baseline -0.005 -11"><span class='ocrx_word' id='word_1_444' title='bbox 1086 2714 1192 2767; x_wconf 79' lang='lat' dir='ltr'><strong>sarecto,</strong></span> <span class='ocrx_word' id='word_1_445' title='bbox 1217 2713 1245 2757; x_wconf 89' lang='lat' dir='ltr'><strong>et</strong></span> <span class='ocrx_word' id='word_1_446' title='bbox 1266 2712 1320 2757; x_wconf 92' lang='grc' dir='ltr'>ιιιιι</span> <span class='ocrx_word' id='word_1_447' title='bbox 1335 2701 1394 2756; x_wconf 85' lang='grc' dir='ltr'>ιιιιιι</span> <span class='ocrx_word' id='word_1_448' title='bbox 1420 2714 1502 2771; x_wconf 88' lang='lat' dir='ltr'><strong>opere</strong></span> <span class='ocrx_word' id='word_1_449' title='bbox 1527 2715 1625 2757; x_wconf 91' lang='lat' dir='ltr'><strong>manns</strong></span> <span class='ocrx_word' id='word_1_450' title='bbox 1651 2710 1742 2756; x_wconf 84' lang='lat' dir='ltr'><strong>restra</strong></span> <span class='ocrx_word' id='word_1_451' title='bbox 1762 2703 1877 2758; x_wconf 81' lang='lat' dir='ltr'><strong>desistat</strong></span> 
     </span>
     <span class='ocr_line' id='line_1_71' title="bbox 1085 2772 1876 2844; baseline -0.004 -16"><span class='ocrx_word' id='word_1_452' title='bbox 1085 2788 1226 2844; x_wconf 84' lang='lat' dir='ltr'><strong>qtrousqno</strong></span> <span class='ocrx_word' id='word_1_453' title='bbox 1239 2773 1322 2829; x_wconf 90' lang='lat' dir='ltr'><strong>draco</strong></span> <span class='ocrx_word' id='word_1_454' title='bbox 1340 2772 1423 2843; x_wconf 81' lang='lat' dir='ltr'><strong>iloysi</strong></span> <span class='ocrx_word' id='word_1_455' title='bbox 1435 2785 1547 2843; x_wconf 88' lang='lat' dir='ltr'><strong>prorsus</strong></span> <span class='ocrx_word' id='word_1_456' title='bbox 1568 2772 1741 2828; x_wconf 80' lang='lat' dir='ltr'><strong>devoraverit</strong></span> <span class='ocrx_word' id='word_1_457' title='bbox 1753 2772 1876 2829; x_wconf 79' lang='lat' dir='ltr'><strong>Pbarao·</strong></span> 
     </span>
     <span class='ocr_line' id='line_1_72' title="bbox 1085 2841 1875 2911; baseline -0.004 -13"><span class='ocrx_word' id='word_1_458' title='bbox 1085 2845 1127 2898; x_wconf 87' lang='lat' dir='ltr'><strong>nis</strong></span> <span class='ocrx_word' id='word_1_459' title='bbox 1140 2846 1281 2907; x_wconf 78' lang='lat' dir='ltr'><strong>ata-aeones,</strong></span> <span class='ocrx_word' id='word_1_460' title='bbox 1307 2854 1334 2898; x_wconf 91' lang='lat' dir='ltr'><strong>et</strong></span> <span class='ocrx_word' id='word_1_461' title='bbox 1352 2844 1444 2911; x_wconf 85' lang='lat' dir='ltr'><strong>lugete</strong></span> <span class='ocrx_word' id='word_1_462' title='bbox 1458 2841 1582 2897; x_wconf 80' lang='lat' dir='ltr'><strong>ieltrrsaen</strong></span> <span class='ocrx_word' id='word_1_463' title='bbox 1599 2856 1661 2896; x_wconf 86' lang='lat' dir='ltr'><strong>curn</strong></span> <span class='ocrx_word' id='word_1_464' title='bbox 1677 2842 1875 2899; x_wconf 86' lang='lat' dir='ltr'><strong>incircumcisis</strong></span> 
     </span>
     <span class='ocr_line' id='line_1_73' title="bbox 1084 2912 1875 2984; baseline 0 -16"><span class='ocrx_word' id='word_1_465' title='bbox 1084 2913 1144 2969; x_wconf 91' lang='lat' dir='ltr'><strong>aliis</strong></span> <span class='ocrx_word' id='word_1_466' title='bbox 1167 2923 1194 2967; x_wconf 91' lang='lat' dir='ltr'><strong>et</strong></span> <span class='ocrx_word' id='word_1_467' title='bbox 1221 2914 1384 2974; x_wconf 78' lang='lat' dir='ltr'><strong>internuntiis,</strong></span> <span class='ocrx_word' id='word_1_468' title='bbox 1411 2912 1525 2982; x_wconf 91' lang='lat' dir='ltr'><strong>popolus</strong></span> <span class='ocrx_word' id='word_1_469' title='bbox 1548 2912 1736 2980; x_wconf 81' lang='lat' dir='ltr'><strong>acquisitionis</strong></span> <span class='ocrx_word' id='word_1_470' title='bbox 1761 2913 1875 2984; x_wconf 82' lang='lat' dir='ltr'><strong>paritius</strong></span> 
     </span>
     <span class='ocr_line' id='line_1_74' title="bbox 1085 2982 1875 3051; baseline -0.001 -13"><span class='ocrx_word' id='word_1_471' title='bbox 1085 2992 1156 3039; x_wconf 89' lang='lat' dir='ltr'><strong>terra</strong></span> <span class='ocrx_word' id='word_1_472' title='bbox 1171 2982 1357 3051; x_wconf 90' lang='lat' dir='ltr'><strong>promissionis</strong></span> <span class='ocrx_word' id='word_1_473' title='bbox 1372 2982 1487 3039; x_wconf 83' lang='lat' dir='ltr'><strong>leuatur.</strong></span> <span class='ocrx_word' id='word_1_474' title='bbox 1506 2982 1546 3036; x_wconf 81' lang='lat' dir='ltr'><strong>ud</strong></span> <span class='ocrx_word' id='word_1_475' title='bbox 1562 2983 1629 3045; x_wconf 78' lang='lat' dir='ltr'><strong>baec,</strong></span> <span class='ocrx_word' id='word_1_476' title='bbox 1647 2982 1803 3038; x_wconf 87' lang='lat' dir='ltr'><strong>discretioni</strong></span> <span class='ocrx_word' id='word_1_477' title='bbox 1817 2997 1875 3037; x_wconf 86' lang='lat' dir='ltr'><strong>rua·</strong></span> 
     </span>
    </p>
   </div>
   <div class='ocr_carea' id='block_1_12' title="bbox 238 3051 1875 4592">
    <p class='ocr_par' dir='ltr' id='par_1_12' title="bbox 240 3051 1875 3684">
     <span class='ocr_line' id='line_1_75' title="bbox 243 3051 1873 3123; baseline -0.001 -14"><span class='ocrx_word' id='word_1_478' title='bbox 243 3064 332 3109; x_wconf 88' lang='lat' dir='ltr'><strong>strum</strong></span> <span class='ocrx_word' id='word_1_479' title='bbox 346 3064 374 3111; x_wconf 89' lang='lat' dir='ltr'><strong>et</strong></span> <span class='ocrx_word' id='word_1_480' title='bbox 384 3055 489 3109; x_wconf 90' lang='lat' dir='ltr'><strong>iilortnn</strong></span> <span class='ocrx_word' id='word_1_481' title='bbox 505 3068 573 3123; x_wconf 82' lang='lat' dir='ltr'><strong>qaros</strong></span> <span class='ocrx_word' id='word_1_482' title='bbox 587 3055 621 3107; x_wconf 91' lang='lat' dir='ltr'><strong>ad</strong></span> <span class='ocrx_word' id='word_1_483' title='bbox 636 3052 839 3122; x_wconf 78' lang='lat' dir='ltr'><strong>exstirpandum</strong></span> <span class='ocrx_word' id='word_1_484' title='bbox 858 3053 949 3106; x_wconf 87' lang='lat' dir='ltr'><strong>lolinrn</strong></span> <span class='ocrx_word' id='word_1_485' title='bbox 966 3068 1033 3122; x_wconf 87' lang='lat' dir='ltr'><strong>agro</strong></span> <span class='ocrx_word' id='word_1_486' title='bbox 1083 3054 1160 3123; x_wconf 87' lang='lat' dir='ltr'><strong>gistri</strong></span> <span class='ocrx_word' id='word_1_487' title='bbox 1174 3052 1293 3107; x_wconf 86' lang='lat' dir='ltr'><strong>Tberlisii</strong></span> <span class='ocrx_word' id='word_1_488' title='bbox 1311 3054 1426 3123; x_wconf 86' lang='lat' dir='ltr'><strong>plrrrimn</strong></span> <span class='ocrx_word' id='word_1_489' title='bbox 1441 3051 1597 3121; x_wconf 89' lang='lat' dir='ltr'><strong>paternitati</strong></span> <span class='ocrx_word' id='word_1_490' title='bbox 1618 3061 1716 3106; x_wconf 77' lang='lat' dir='ltr'><strong>restrae</strong></span> <span class='ocrx_word' id='word_1_491' title='bbox 1729 3052 1873 3109; x_wconf 79' lang='lat' dir='ltr'><strong>reicienda</strong></span> 
     </span>
     <span class='ocr_line' id='line_1_76' title="bbox 244 3121 1873 3195; baseline -0.001 -15"><span class='ocrx_word' id='word_1_492' title='bbox 244 3124 384 3182; x_wconf 75' lang='lat' dir='ltr'><strong>dominico</strong></span> <span class='ocrx_word' id='word_1_493' title='bbox 396 3134 459 3180; x_wconf 89' lang='lat' dir='ltr'><strong>ante</strong></span> <span class='ocrx_word' id='word_1_494' title='bbox 474 3124 569 3179; x_wconf 82' lang='lat' dir='ltr'><strong>laniem</strong></span> <span class='ocrx_word' id='word_1_495' title='bbox 581 3132 699 3178; x_wconf 85' lang='lat' dir='ltr'><strong>nestram</strong></span> <span class='ocrx_word' id='word_1_496' title='bbox 710 3122 851 3192; x_wconf 88' lang='lat' dir='ltr'><strong>operarios</strong></span> <span class='ocrx_word' id='word_1_497' title='bbox 862 3124 1028 3191; x_wconf 87' lang='lat' dir='ltr'><strong>destinastis,</strong></span> <span class='ocrx_word' id='word_1_498' title='bbox 1045 3131 1068 3195; x_wconf 83' lang='lat' dir='ltr'>c</span> <span class='ocrx_word' id='word_1_499' title='bbox 1083 3122 1286 3188; x_wconf 84' lang='lat' dir='ltr'><strong>corrtmisinrus;</strong></span> <span class='ocrx_word' id='word_1_500' title='bbox 1301 3123 1347 3192; x_wconf 89' lang='lat' dir='ltr'><strong>qui</strong></span> <span class='ocrx_word' id='word_1_501' title='bbox 1372 3136 1453 3192; x_wconf 91' lang='lat' dir='ltr'><strong>super</strong></span> <span class='ocrx_word' id='word_1_502' title='bbox 1477 3121 1592 3193; x_wconf 88' lang='lat' dir='ltr'><strong>negotiis</strong></span> <span class='ocrx_word' id='word_1_503' title='bbox 1614 3131 1642 3177; x_wconf 90' lang='lat' dir='ltr'><strong>et</strong></span> <span class='ocrx_word' id='word_1_504' title='bbox 1664 3123 1873 3180; x_wconf 79' lang='lat' dir='ltr'><strong>nescessitatibes</strong></span> 
     </span>
     <span class='ocr_line' id='line_1_77' title="bbox 243 3191 1875 3266; baseline -0.002 -15"><span class='ocrx_word' id='word_1_505' title='bbox 243 3192 302 3251; x_wconf 76' lang='lat' dir='ltr'><strong>tter</strong></span> <span class='ocrx_word' id='word_1_506' title='bbox 318 3195 421 3266; x_wconf 70' lang='lat' dir='ltr'><strong>gloriae,</strong></span> <span class='ocrx_word' id='word_1_507' title='bbox 438 3195 566 3248; x_wconf 85' lang='lat' dir='ltr'><strong>Dotrtlmrs</strong></span> <span class='ocrx_word' id='word_1_508' title='bbox 581 3195 659 3249; x_wconf 87' lang='lat' dir='ltr'><strong>iuriis</strong></span> <span class='ocrx_word' id='word_1_509' title='bbox 678 3203 703 3248; x_wconf 93' lang='lat' dir='ltr'><strong>et</strong></span> <span class='ocrx_word' id='word_1_510' title='bbox 719 3205 826 3264; x_wconf 90' lang='lat' dir='ltr'><strong>potens,</strong></span> <span class='ocrx_word' id='word_1_511' title='bbox 843 3194 972 3248; x_wconf 88' lang='lat' dir='ltr'><strong>llomirurs</strong></span> <span class='ocrx_word' id='word_1_512' title='bbox 983 3209 1031 3263; x_wconf 92' lang='lat' dir='ltr'><strong>po·</strong></span> <span class='ocrx_word' id='word_1_513' title='bbox 1083 3197 1168 3248; x_wconf 90' lang='lat' dir='ltr'><strong>totins</strong></span> <span class='ocrx_word' id='word_1_514' title='bbox 1190 3195 1337 3261; x_wconf 78' lang='lat' dir='ltr'><strong>promueiac</strong></span> <span class='ocrx_word' id='word_1_515' title='bbox 1355 3202 1483 3261; x_wconf 83' lang='lat' dir='ltr'><strong>tanquam</strong></span> <span class='ocrx_word' id='word_1_516' title='bbox 1509 3191 1588 3248; x_wconf 89' lang='lat' dir='ltr'><strong>nubis</strong></span> <span class='ocrx_word' id='word_1_517' title='bbox 1610 3192 1676 3262; x_wconf 86' lang='lat' dir='ltr'><strong>ipsis</strong></span> <span class='ocrx_word' id='word_1_518' title='bbox 1687 3194 1875 3249; x_wconf 86' lang='lat' dir='ltr'><strong>indubitanter</strong></span> 
     </span>
     <span class='ocr_line' id='line_1_78' title="bbox 243 3262 1875 3336; baseline -0.001 -18"><span class='ocrx_word' id='word_1_519' title='bbox 243 3274 302 3320; x_wconf 90' lang='lat' dir='ltr'><strong>teos</strong></span> <span class='ocrx_word' id='word_1_520' title='bbox 318 3267 344 3319; x_wconf 90' lang='lat' dir='ltr'><strong>in</strong></span> <span class='ocrx_word' id='word_1_521' title='bbox 361 3265 464 3336; x_wconf 80' lang='lat' dir='ltr'><strong>praelio,</strong></span> <span class='ocrx_word' id='word_1_522' title='bbox 484 3265 518 3318; x_wconf 87' lang='lat' dir='ltr'><strong>ad</strong></span> <span class='ocrx_word' id='word_1_523' title='bbox 541 3265 643 3319; x_wconf 88' lang='lat' dir='ltr'><strong>cnltmu</strong></span> <span class='ocrx_word' id='word_1_524' title='bbox 673 3264 744 3326; x_wconf 76' lang='lat' dir='ltr'><strong>iudei,</strong></span> <span class='ocrx_word' id='word_1_525' title='bbox 767 3263 800 3316; x_wconf 90' lang='lat' dir='ltr'><strong>ad</strong></span> <span class='ocrx_word' id='word_1_526' title='bbox 817 3270 917 3317; x_wconf 84' lang='lat' dir='ltr'><strong>statum</strong></span> <span class='ocrx_word' id='word_1_527' title='bbox 931 3265 1030 3332; x_wconf 87' lang='lat' dir='ltr'><strong>qrrietis</strong></span> <span class='ocrx_word' id='word_1_528' title='bbox 1081 3262 1209 3326; x_wconf 87' lang='lat' dir='ltr'><strong>credatis,</strong></span> <span class='ocrx_word' id='word_1_529' title='bbox 1224 3262 1247 3316; x_wconf 93' lang='lat' dir='ltr'><strong>si</strong></span> <span class='ocrx_word' id='word_1_530' title='bbox 1267 3262 1365 3332; x_wconf 89' lang='lat' dir='ltr'><strong>placet.</strong></span> <span class='ocrx_word' id='word_1_531' title='bbox 1379 3262 1440 3331; x_wconf 89' lang='lat' dir='ltr'><strong>lpse</strong></span> <span class='ocrx_word' id='word_1_532' title='bbox 1455 3263 1527 3318; x_wconf 89' lang='lat' dir='ltr'><strong>enirn</strong></span> <span class='ocrx_word' id='word_1_533' title='bbox 1540 3263 1615 3317; x_wconf 86' lang='lat' dir='ltr'><strong>norit</strong></span> <span class='ocrx_word' id='word_1_534' title='bbox 1630 3263 1656 3317; x_wconf 94' lang='lat' dir='ltr'><strong>in</strong></span> <span class='ocrx_word' id='word_1_535' title='bbox 1670 3264 1799 3319; x_wconf 85' lang='lat' dir='ltr'><strong>amitibus</strong></span> <span class='ocrx_word' id='word_1_536' title='bbox 1813 3263 1875 3332; x_wconf 88' lang='lat' dir='ltr'><strong>ple·</strong></span> 
     </span>
     <span class='ocr_line' id='line_1_79' title="bbox 241 3329 1875 3405; baseline -0.001 -17"><span class='ocrx_word' id='word_1_537' title='bbox 241 3337 366 3405; x_wconf 79' lang='lat' dir='ltr'><strong>siparis,</strong></span> <span class='ocrx_word' id='word_1_538' title='bbox 383 3347 410 3390; x_wconf 93' lang='lat' dir='ltr'><strong>ct</strong></span> <span class='ocrx_word' id='word_1_539' title='bbox 429 3337 461 3388; x_wconf 89' lang='lat' dir='ltr'><strong>ad</strong></span> <span class='ocrx_word' id='word_1_540' title='bbox 483 3334 601 3389; x_wconf 91' lang='lat' dir='ltr'><strong>debitam</strong></span> <span class='ocrx_word' id='word_1_541' title='bbox 631 3334 848 3389; x_wconf 80' lang='lat' dir='ltr'><strong>reiut-ruatieuern</strong></span> <span class='ocrx_word' id='word_1_542' title='bbox 862 3341 986 3402; x_wconf 69' lang='lat' dir='ltr'><strong>graminea</strong></span> <span class='ocrx_word' id='word_1_543' title='bbox 1002 3342 1030 3388; x_wconf 90' lang='lat' dir='ltr'><strong>et</strong></span> <span class='ocrx_word' id='word_1_544' title='bbox 1080 3333 1194 3389; x_wconf 87' lang='lat' dir='ltr'><strong>uissirne</strong></span> <span class='ocrx_word' id='word_1_545' title='bbox 1213 3334 1367 3387; x_wconf 85' lang='lat' dir='ltr'><strong>veritatem.</strong></span> <span class='ocrx_word' id='word_1_546' title='bbox 1382 3334 1533 3388; x_wconf 74' lang='lat' dir='ltr'><strong>conseruet</strong></span> <span class='ocrx_word' id='word_1_547' title='bbox 1553 3329 1627 3387; x_wconf 81' lang='lat' dir='ltr'><strong>licus</strong></span> <span class='ocrx_word' id='word_1_548' title='bbox 1640 3335 1815 3388; x_wconf 80' lang='lat' dir='ltr'><strong>sanctitatem</strong></span> <span class='ocrx_word' id='word_1_549' title='bbox 1828 3347 1875 3388; x_wconf 81' lang='lat' dir='ltr'><strong>re-</strong></span> 
     </span>
     <span class='ocr_line' id='line_1_80' title="bbox 242 3399 1798 3484; baseline -0.002 -26"><span class='ocrx_word' id='word_1_550' title='bbox 242 3405 402 3462; x_wconf 84' lang='lat' dir='ltr'><strong>mirabiliter</strong></span> <span class='ocrx_word' id='word_1_551' title='bbox 426 3403 573 3460; x_wconf 82' lang='lat' dir='ltr'><strong>reuocauit.</strong></span> <span class='ocrx_word' id='word_1_552' title='bbox 599 3403 671 3458; x_wconf 89' lang='lat' dir='ltr'><strong>Saue</strong></span> <span class='ocrx_word' id='word_1_553' title='bbox 688 3405 812 3472; x_wconf 81' lang='lat' dir='ltr'><strong>regiones</strong></span> <span class='ocrx_word' id='word_1_554' title='bbox 830 3413 857 3456; x_wconf 90' lang='lat' dir='ltr'><strong>ct</strong></span> <span class='ocrx_word' id='word_1_555' title='bbox 883 3404 1030 3484; x_wconf 78' lang='lat' dir='ltr'><strong>prouinciae</strong></span> <span class='ocrx_word' id='word_1_556' title='bbox 1046 3399 1052 3408; x_wconf 90' lang='lat'>&#39;</span> <span class='ocrx_word' id='word_1_557' title='bbox 1080 3414 1164 3457; x_wconf 88' lang='lat' dir='ltr'><strong>stram</strong></span> <span class='ocrx_word' id='word_1_558' title='bbox 1180 3401 1307 3457; x_wconf 70' lang='lat' dir='ltr'><strong>Ecclesiae</strong></span> <span class='ocrx_word' id='word_1_559' title='bbox 1322 3411 1424 3457; x_wconf 71' lang='lat' dir='ltr'><strong>sanctas</strong></span> <span class='ocrx_word' id='word_1_560' title='bbox 1435 3417 1490 3457; x_wconf 78' lang='lat' dir='ltr'><strong>suae</strong></span> <span class='ocrx_word' id='word_1_561' title='bbox 1502 3414 1550 3471; x_wconf 89' lang='lat' dir='ltr'><strong>per</strong></span> <span class='ocrx_word' id='word_1_562' title='bbox 1564 3408 1685 3472; x_wconf 86' lang='lat' dir='ltr'><strong>tempora</strong></span> <span class='ocrx_word' id='word_1_563' title='bbox 1701 3402 1798 3457; x_wconf 87' lang='lat' dir='ltr'><strong>multa.</strong></span> 
     </span>
     <span class='ocr_line' id='line_1_81' title="bbox 241 3470 1874 3542; baseline 0.001 -14"><span class='ocrx_word' id='word_1_564' title='bbox 241 3489 302 3542; x_wconf 82' lang='lat' dir='ltr'><strong>quae</strong></span> <span class='ocrx_word' id='word_1_565' title='bbox 317 3477 422 3529; x_wconf 74' lang='lat' dir='ltr'><strong>tradite</strong></span> <span class='ocrx_word' id='word_1_566' title='bbox 435 3474 543 3528; x_wconf 76' lang='lat' dir='ltr'><strong>inierant</strong></span> <span class='ocrx_word' id='word_1_567' title='bbox 563 3475 670 3528; x_wconf 82' lang='lat' dir='ltr'><strong>Satanae</strong></span> <span class='ocrx_word' id='word_1_568' title='bbox 682 3477 709 3527; x_wconf 90' lang='lat' dir='ltr'><strong>el</strong></span> <span class='ocrx_word' id='word_1_569' title='bbox 727 3471 926 3540; x_wconf 80' lang='lat' dir='ltr'><strong>ruirt&#39;striseprs</strong></span> <span class='ocrx_word' id='word_1_570' title='bbox 944 3473 1030 3527; x_wconf 84' lang='lat' dir='ltr'><strong>lucre-</strong></span> <span class='ocrx_word' id='word_1_571' title='bbox 1116 3474 1211 3526; x_wconf 86' lang='lat' dir='ltr'><strong>ilatum</strong></span> <span class='ocrx_word' id='word_1_572' title='bbox 1227 3472 1374 3541; x_wconf 79' lang='lat' dir='ltr'><strong>sarrasiea,</strong></span> <span class='ocrx_word' id='word_1_573' title='bbox 1400 3473 1505 3528; x_wconf 87' lang='lat' dir='ltr'><strong>decimo</strong></span> <span class='ocrx_word' id='word_1_574' title='bbox 1526 3470 1661 3527; x_wconf 81' lang='grc' dir='ltr'>ιιιιιιιιιιιι</span> <span class='ocrx_word' id='word_1_575' title='bbox 1686 3471 1787 3538; x_wconf 89' lang='lat' dir='ltr'><strong>ilartii,</strong></span> <span class='ocrx_word' id='word_1_576' title='bbox 1803 3487 1874 3529; x_wconf 89' lang='lat' dir='ltr'><strong>anne</strong></span> 
     </span>
     <span class='ocr_line' id='line_1_82' title="bbox 241 3540 1281 3610; baseline -0.003 -13"><span class='ocrx_word' id='word_1_577' title='bbox 241 3546 314 3610; x_wconf 91' lang='lat' dir='ltr'><strong>tieis,</strong></span> <span class='ocrx_word' id='word_1_578' title='bbox 330 3545 439 3600; x_wconf 80' lang='lat' dir='ltr'><strong>rotariis</strong></span> <span class='ocrx_word' id='word_1_579' title='bbox 449 3553 477 3599; x_wconf 90' lang='lat' dir='ltr'><strong>et</strong></span> <span class='ocrx_word' id='word_1_580' title='bbox 491 3545 598 3599; x_wconf 75' lang='lat' dir='ltr'><strong>ceteris</strong></span> <span class='ocrx_word' id='word_1_581' title='bbox 613 3543 768 3599; x_wconf 89' lang='lat' dir='ltr'><strong>criruinosis</strong></span> <span class='ocrx_word' id='word_1_582' title='bbox 795 3542 821 3594; x_wconf 93' lang='lat' dir='ltr'><strong>iu</strong></span> <span class='ocrx_word' id='word_1_583' title='bbox 837 3543 1028 3596; x_wconf 82' lang='lat' dir='ltr'><strong>exterminium</strong></span> <span class='ocrx_word' id='word_1_584' title='bbox 1079 3540 1186 3598; x_wconf 84' lang='lat' dir='ltr'><strong>Doutiui</strong></span> <span class='ocrx_word' id='word_1_585' title='bbox 1202 3541 1281 3596; x_wconf 73' lang='lat' dir='ltr'><strong>teta.</strong></span> 
     </span>
     <span class='ocr_line' id='line_1_83' title="bbox 240 3611 1025 3684; baseline -0.006 -16"><span class='ocrx_word' id='word_1_586' title='bbox 240 3624 265 3668; x_wconf 88' lang='grc' dir='ltr'><strong>ιι</strong></span> <span class='ocrx_word' id='word_1_587' title='bbox 281 3615 471 3682; x_wconf 88' lang='lat' dir='ltr'><strong>direptionem,</strong></span> <span class='ocrx_word' id='word_1_588' title='bbox 489 3615 633 3684; x_wconf 69' lang='lat' dir='ltr'><strong>precipue,</strong></span> <span class='ocrx_word' id='word_1_589' title='bbox 648 3613 720 3682; x_wconf 85' lang='lat' dir='ltr'><strong>qttorl</strong></span> <span class='ocrx_word' id='word_1_590' title='bbox 742 3611 931 3666; x_wconf 85' lang='lat' dir='ltr'><strong>detestabilius</strong></span> <span class='ocrx_word' id='word_1_591' title='bbox 955 3621 1025 3678; x_wconf 87' lang='lat' dir='ltr'><strong>crat,</strong></span> 
     </span>
    </p>

    <p class='ocr_par' dir='ltr' id='par_1_13' title="bbox 241 3679 1025 3751">
     <span class='ocr_line' id='line_1_84' title="bbox 241 3679 1025 3751; baseline -0.001 -14"><span class='ocrx_word' id='word_1_592' title='bbox 241 3685 268 3737; x_wconf 89' lang='lat' dir='ltr'><strong>iu</strong></span> <span class='ocrx_word' id='word_1_593' title='bbox 279 3684 512 3739; x_wconf 84' lang='lat' dir='ltr'><strong>eorreuleationcm</strong></span> <span class='ocrx_word' id='word_1_594' title='bbox 521 3689 737 3751; x_wconf 89' lang='lat' dir='ltr'><strong>etcentemptom</strong></span> <span class='ocrx_word' id='word_1_595' title='bbox 746 3679 866 3736; x_wconf 84' lang='lat' dir='ltr'><strong>ttertrinis</strong></span> <span class='ocrx_word' id='word_1_596' title='bbox 879 3681 1025 3737; x_wconf 80' lang='lat' dir='ltr'><strong>Cirristiaui</strong></span> 
     </span>
    </p>

    <p class='ocr_par' dir='ltr' id='par_1_14' title="bbox 242 3749 1027 3823">
     <span class='ocr_line' id='line_1_85' title="bbox 242 3749 1027 3823; baseline -0.005 -15"><span class='ocrx_word' id='word_1_597' title='bbox 242 3755 322 3809; x_wconf 83' lang='lat' dir='ltr'><strong>unedo</strong></span> <span class='ocrx_word' id='word_1_598' title='bbox 336 3756 385 3809; x_wconf 90' lang='lat' dir='ltr'><strong>snb</strong></span> <span class='ocrx_word' id='word_1_599' title='bbox 397 3755 537 3823; x_wconf 77' lang='lat' dir='ltr'><strong>uigilantia</strong></span> <span class='ocrx_word' id='word_1_600' title='bbox 558 3763 659 3816; x_wconf 86' lang='lat' dir='ltr'><strong>uestra,</strong></span> <span class='ocrx_word' id='word_1_601' title='bbox 676 3749 851 3820; x_wconf 88' lang='lat' dir='ltr'><strong>pergratiam</strong></span> <span class='ocrx_word' id='word_1_602' title='bbox 866 3749 929 3806; x_wconf 87' lang='lat' dir='ltr'><strong>lesa</strong></span> <span class='ocrx_word' id='word_1_603' title='bbox 949 3751 1027 3806; x_wconf 84' lang='lat' dir='ltr'><strong>Curi·</strong></span> 
     </span>
    </p>

    <p class='ocr_par' dir='ltr' id='par_1_15' title="bbox 238 3817 1874 4592">
     <span class='ocr_line' id='line_1_86' title="bbox 242 3817 1874 3893; baseline -0.002 -15"><span class='ocrx_word' id='word_1_604' title='bbox 242 3825 287 3887; x_wconf 87' lang='lat' dir='ltr'><strong>sti,</strong></span> <span class='ocrx_word' id='word_1_605' title='bbox 301 3824 346 3893; x_wconf 94' lang='lat' dir='ltr'><strong>qui</strong></span> <span class='ocrx_word' id='word_1_606' title='bbox 361 3825 452 3879; x_wconf 81' lang='lat' dir='ltr'><strong>orieris</strong></span> <span class='ocrx_word' id='word_1_607' title='bbox 468 3839 514 3878; x_wconf 86' lang='lat' dir='ltr'><strong>eas</strong></span> <span class='ocrx_word' id='word_1_608' title='bbox 528 3823 650 3878; x_wconf 84' lang='lat' dir='ltr'><strong>uisitauit</strong></span> <span class='ocrx_word' id='word_1_609' title='bbox 662 3837 696 3876; x_wconf 86' lang='lat' dir='ltr'><strong>ert</strong></span> <span class='ocrx_word' id='word_1_610' title='bbox 719 3823 784 3886; x_wconf 89' lang='lat' dir='ltr'><strong>alto,</strong></span> <span class='ocrx_word' id='word_1_611' title='bbox 798 3821 939 3874; x_wconf 80' lang='lat' dir='ltr'><strong>translate</strong></span> <span class='ocrx_word' id='word_1_612' title='bbox 950 3821 1027 3890; x_wconf 87' lang='lat' dir='ltr'><strong>quasi</strong></span> <span class='ocrx_word' id='word_1_613' title='bbox 1115 3819 1365 3892; x_wconf 69' lang='lat' dir='ltr'><strong>tabennesiotae</strong></span> <span class='ocrx_word' id='word_1_614' title='bbox 1379 3820 1436 3891; x_wconf 80' lang='grc' dir='ltr'>(ιι)</span> <span class='ocrx_word' id='word_1_615' title='bbox 1456 3819 1483 3874; x_wconf 91' lang='lat' dir='ltr'><strong>in</strong></span> <span class='ocrx_word' id='word_1_616' title='bbox 1509 3818 1620 3873; x_wconf 81' lang='lat' dir='ltr'><strong>cbristo</strong></span> <span class='ocrx_word' id='word_1_617' title='bbox 1633 3817 1710 3873; x_wconf 86' lang='lat' dir='ltr'><strong>Patri</strong></span> <span class='ocrx_word' id='word_1_618' title='bbox 1724 3833 1757 3875; x_wconf 91' lang='lat' dir='ltr'><strong>ac</strong></span> <span class='ocrx_word' id='word_1_619' title='bbox 1772 3819 1874 3877; x_wconf 83' lang='lat' dir='ltr'><strong>beatis·</strong></span> 
     </span>
     <span class='ocr_line' id='line_1_87' title="bbox 239 3889 1872 3959; baseline -0.002 -13"><span class='ocrx_word' id='word_1_620' title='bbox 239 3894 274 3948; x_wconf 90' lang='lat' dir='ltr'><strong>de</strong></span> <span class='ocrx_word' id='word_1_621' title='bbox 288 3903 375 3949; x_wconf 91' lang='lat' dir='ltr'><strong>morte</strong></span> <span class='ocrx_word' id='word_1_622' title='bbox 394 3895 419 3947; x_wconf 92' lang='lat' dir='ltr'><strong>in</strong></span> <span class='ocrx_word' id='word_1_623' title='bbox 439 3896 522 3948; x_wconf 77' lang='lat' dir='ltr'><strong>vitam</strong></span> <span class='ocrx_word' id='word_1_624' title='bbox 536 3893 611 3948; x_wconf 85' lang='lat' dir='ltr'><strong>etde</strong></span> <span class='ocrx_word' id='word_1_625' title='bbox 633 3891 754 3946; x_wconf 80' lang='lat' dir='ltr'><strong>tenebris</strong></span> <span class='ocrx_word' id='word_1_626' title='bbox 775 3899 802 3945; x_wconf 87' lang='grc' dir='ltr'><strong>ιι</strong></span> <span class='ocrx_word' id='word_1_627' title='bbox 816 3889 974 3946; x_wconf 88' lang='lat' dir='ltr'><strong>curtiusioue</strong></span> <span class='ocrx_word' id='word_1_628' title='bbox 994 3891 1028 3946; x_wconf 89' lang='lat' dir='ltr'><strong>ad</strong></span> <span class='ocrx_word' id='word_1_629' title='bbox 1079 3891 1148 3948; x_wconf 91' lang='lat' dir='ltr'><strong>simo</strong></span> <span class='ocrx_word' id='word_1_630' title='bbox 1160 3891 1270 3948; x_wconf 86' lang='lat' dir='ltr'><strong>domino</strong></span> <span class='ocrx_word' id='word_1_631' title='bbox 1284 3905 1333 3946; x_wconf 90' lang='lat' dir='ltr'><strong>suo</strong></span> <span class='ocrx_word' id='word_1_632' title='bbox 1344 3889 1503 3946; x_wconf 90' lang='lat' dir='ltr'><strong>innocentio</strong></span> <span class='ocrx_word' id='word_1_633' title='bbox 1518 3889 1562 3944; x_wconf 81' lang='lat' dir='ltr'><strong>bet</strong></span> <span class='ocrx_word' id='word_1_634' title='bbox 1574 3890 1662 3958; x_wconf 87' lang='lat' dir='ltr'><strong>gratia</strong></span> <span class='ocrx_word' id='word_1_635' title='bbox 1678 3903 1787 3944; x_wconf 83' lang='lat' dir='ltr'><strong>stimate</strong></span> <span class='ocrx_word' id='word_1_636' title='bbox 1802 3902 1872 3959; x_wconf 87' lang='lat' dir='ltr'><strong>pon·</strong></span> 
     </span>
     <span class='ocr_line' id='line_1_88' title="bbox 239 3959 1872 4034; baseline -0.001 -18"><span class='ocrx_word' id='word_1_637' title='bbox 239 3963 339 4028; x_wconf 89' lang='lat' dir='ltr'><strong>breem,</strong></span> <span class='ocrx_word' id='word_1_638' title='bbox 355 3965 382 4017; x_wconf 88' lang='lat' dir='ltr'><strong>in</strong></span> <span class='ocrx_word' id='word_1_639' title='bbox 398 3963 537 4034; x_wconf 87' lang='lat' dir='ltr'><strong>religionis</strong></span> <span class='ocrx_word' id='word_1_640' title='bbox 560 3964 678 4025; x_wconf 77' lang='lat' dir='ltr'><strong>let-rore,</strong></span> <span class='ocrx_word' id='word_1_641' title='bbox 699 3962 725 4014; x_wconf 93' lang='lat' dir='ltr'><strong>in</strong></span> <span class='ocrx_word' id='word_1_642' title='bbox 749 3959 944 4029; x_wconf 88' lang='lat' dir='ltr'><strong>tranquillitate</strong></span> <span class='ocrx_word' id='word_1_643' title='bbox 959 3971 1030 4015; x_wconf 88' lang='lat' dir='ltr'><strong>tem·</strong></span> <span class='ocrx_word' id='word_1_644' title='bbox 1080 3961 1158 4026; x_wconf 87' lang='lat' dir='ltr'><strong>tibci,</strong></span> <span class='ocrx_word' id='word_1_645' title='bbox 1189 3962 1277 4015; x_wconf 87' lang='lat' dir='ltr'><strong>deuoti</strong></span> <span class='ocrx_word' id='word_1_646' title='bbox 1297 3969 1325 4014; x_wconf 91' lang='grc' dir='ltr'><strong>ιι</strong></span> <span class='ocrx_word' id='word_1_647' title='bbox 1344 3960 1460 4015; x_wconf 85' lang='lat' dir='ltr'><strong>lmndles</strong></span> <span class='ocrx_word' id='word_1_648' title='bbox 1482 3959 1553 4014; x_wconf 88' lang='lat' dir='ltr'><strong>serti</strong></span> <span class='ocrx_word' id='word_1_649' title='bbox 1570 3959 1629 4026; x_wconf 77' lang='lat' dir='ltr'><strong>ejus</strong></span> <span class='ocrx_word' id='word_1_650' title='bbox 1655 3959 1872 4029; x_wconf 79' lang='lat' dir='ltr'><strong>archiepiscopi,</strong></span> 
     </span>
     <span class='ocr_line' id='line_1_89' title="bbox 238 4028 1871 4102; baseline -0.002 -16"><span class='ocrx_word' id='word_1_651' title='bbox 238 4046 347 4102; x_wconf 88' lang='lat' dir='ltr'><strong>porurn,</strong></span> <span class='ocrx_word' id='word_1_652' title='bbox 359 4043 386 4087; x_wconf 85' lang='lat' dir='ltr'><strong>et</strong></span> <span class='ocrx_word' id='word_1_653' title='bbox 401 4033 427 4086; x_wconf 93' lang='lat' dir='ltr'><strong>iu</strong></span> <span class='ocrx_word' id='word_1_654' title='bbox 439 4033 530 4088; x_wconf 88' lang='lat' dir='ltr'><strong>rrnnltis</strong></span> <span class='ocrx_word' id='word_1_655' title='bbox 544 4032 605 4087; x_wconf 88' lang='lat' dir='ltr'><strong>aliis</strong></span> <span class='ocrx_word' id='word_1_656' title='bbox 615 4031 848 4086; x_wconf 84' lang='lat' dir='ltr'><strong>bertctlietinnibus</strong></span> <span class='ocrx_word' id='word_1_657' title='bbox 871 4032 968 4086; x_wconf 85' lang='lat' dir='ltr'><strong>restris</strong></span> <span class='ocrx_word' id='word_1_658' title='bbox 979 4045 1027 4086; x_wconf 83' lang='lat' dir='ltr'><strong>ex·</strong></span> <span class='ocrx_word' id='word_1_659' title='bbox 1079 4049 1094 4086; x_wconf 90' lang='lat' dir='ltr'><strong>e</strong></span> <span class='ocrx_word' id='word_1_660' title='bbox 1113 4031 1197 4100; x_wconf 91' lang='lat' dir='ltr'><strong>iscopi</strong></span> <span class='ocrx_word' id='word_1_661' title='bbox 1208 4040 1235 4084; x_wconf 90' lang='lat' dir='ltr'><strong>et</strong></span> <span class='ocrx_word' id='word_1_662' title='bbox 1252 4030 1296 4084; x_wconf 90' lang='lat' dir='ltr'><strong>alii</strong></span> <span class='ocrx_word' id='word_1_663' title='bbox 1314 4029 1494 4084; x_wconf 71' lang='lat' dir='ltr'><strong>aeclesiarum</strong></span> <span class='ocrx_word' id='word_1_664' title='bbox 1506 4028 1609 4097; x_wconf 81' lang='lat' dir='ltr'><strong>praelati</strong></span> <span class='ocrx_word' id='word_1_665' title='bbox 1626 4029 1652 4083; x_wconf 90' lang='lat' dir='ltr'><strong>in</strong></span> <span class='ocrx_word' id='word_1_666' title='bbox 1668 4029 1785 4084; x_wconf 90' lang='lat' dir='ltr'><strong>concilio</strong></span> <span class='ocrx_word' id='word_1_667' title='bbox 1798 4031 1871 4098; x_wconf 78' lang='lat' dir='ltr'><strong>agneti</strong></span> 
     </span>
     <span class='ocr_line' id='line_1_90' title="bbox 239 4098 1872 4176; baseline -0.004 -18"><span class='ocrx_word' id='word_1_668' title='bbox 239 4102 342 4158; x_wconf 82' lang='lat' dir='ltr'><strong>srtltaut</strong></span> <span class='ocrx_word' id='word_1_669' title='bbox 354 4103 459 4158; x_wconf 85' lang='lat' dir='ltr'><strong>adeost</strong></span> <span class='ocrx_word' id='word_1_670' title='bbox 473 4105 607 4172; x_wconf 85' lang='lat' dir='ltr'><strong>respirant</strong></span> <span class='ocrx_word' id='word_1_671' title='bbox 622 4111 651 4155; x_wconf 90' lang='lat' dir='ltr'><strong>ut</strong></span> <span class='ocrx_word' id='word_1_672' title='bbox 663 4115 723 4176; x_wconf 72' lang='lat' dir='ltr'><strong>qaia</strong></span> <span class='ocrx_word' id='word_1_673' title='bbox 739 4101 813 4169; x_wconf 85' lang='lat' dir='ltr'><strong>prius</strong></span> <span class='ocrx_word' id='word_1_674' title='bbox 824 4110 916 4163; x_wconf 81' lang='lat' dir='ltr'><strong>partes</strong></span> <span class='ocrx_word' id='word_1_675' title='bbox 932 4111 960 4155; x_wconf 93' lang='lat' dir='ltr'><strong>et</strong></span> <span class='ocrx_word' id='word_1_676' title='bbox 972 4101 1028 4154; x_wconf 73' lang='lat' dir='ltr'><strong>baa·</strong></span> <span class='ocrx_word' id='word_1_677' title='bbox 1103 4117 1199 4155; x_wconf 85' lang='lat' dir='ltr'><strong>arrrnnr</strong></span> <span class='ocrx_word' id='word_1_678' title='bbox 1226 4098 1283 4168; x_wconf 87' lang='grc' dir='ltr'>(ιι)</span> <span class='ocrx_word' id='word_1_679' title='bbox 1303 4115 1353 4171; x_wconf 88' lang='lat' dir='ltr'><strong>pro</strong></span> <span class='ocrx_word' id='word_1_680' title='bbox 1371 4110 1473 4155; x_wconf 76' lang='lat' dir='ltr'><strong>sanetae</strong></span> <span class='ocrx_word' id='word_1_681' title='bbox 1498 4099 1559 4154; x_wconf 85' lang='lat' dir='ltr'><strong>ndei</strong></span> <span class='ocrx_word' id='word_1_682' title='bbox 1575 4099 1733 4169; x_wconf 84' lang='lat' dir='ltr'><strong>cantgregati</strong></span> <span class='ocrx_word' id='word_1_683' title='bbox 1749 4103 1872 4171; x_wconf 70' lang='lat' dir='ltr'><strong>aegeum</strong></span> 
     </span>
     <span class='ocr_line' id='line_1_91' title="bbox 241 4169 1871 4242; baseline -0.003 -16"><span class='ocrx_word' id='word_1_684' title='bbox 241 4172 344 4227; x_wconf 87' lang='lat' dir='ltr'><strong>reditas</strong></span> <span class='ocrx_word' id='word_1_685' title='bbox 360 4173 512 4226; x_wconf 80' lang='lat' dir='ltr'><strong>damonum</strong></span> <span class='ocrx_word' id='word_1_686' title='bbox 529 4181 652 4242; x_wconf 89' lang='lat' dir='ltr'><strong>poterant</strong></span> <span class='ocrx_word' id='word_1_687' title='bbox 670 4187 722 4224; x_wconf 92' lang='lat' dir='ltr'><strong>nnn</strong></span> <span class='ocrx_word' id='word_1_688' title='bbox 735 4172 871 4226; x_wconf 83' lang='lat' dir='ltr'><strong>ianrncrite</strong></span> <span class='ocrx_word' id='word_1_689' title='bbox 885 4169 1026 4240; x_wconf 87' lang='lat' dir='ltr'><strong>appellari,</strong></span> <span class='ocrx_word' id='word_1_690' title='bbox 1078 4186 1140 4227; x_wconf 89' lang='lat' dir='ltr'><strong>cum</strong></span> <span class='ocrx_word' id='word_1_691' title='bbox 1150 4171 1224 4226; x_wconf 83' lang='lat' dir='ltr'><strong>omrai</strong></span> <span class='ocrx_word' id='word_1_692' title='bbox 1235 4169 1378 4226; x_wconf 88' lang='lat' dir='ltr'><strong>allectione</strong></span> <span class='ocrx_word' id='word_1_693' title='bbox 1388 4170 1497 4237; x_wconf 82' lang='lat' dir='ltr'><strong>longttrn</strong></span> <span class='ocrx_word' id='word_1_694' title='bbox 1509 4170 1572 4223; x_wconf 82' lang='lat' dir='ltr'><strong>ritae</strong></span> <span class='ocrx_word' id='word_1_695' title='bbox 1579 4171 1697 4236; x_wconf 86' lang='lat' dir='ltr'><strong>spatium</strong></span> <span class='ocrx_word' id='word_1_696' title='bbox 1705 4177 1731 4222; x_wconf 91' lang='lat' dir='ltr'><strong>ct</strong></span> <span class='ocrx_word' id='word_1_697' title='bbox 1743 4170 1871 4224; x_wconf 86' lang='lat' dir='ltr'><strong>salutern.</strong></span> 
     </span>
     <span class='ocr_line' id='line_1_92' title="bbox 239 4237 1872 4312; baseline -0.002 -17"><span class='ocrx_word' id='word_1_698' title='bbox 239 4255 312 4297; x_wconf 88' lang='grc' dir='ltr'>ιιιιιιι</span> <span class='ocrx_word' id='word_1_699' title='bbox 325 4243 469 4298; x_wconf 82' lang='lat' dir='ltr'><strong>baereditas</strong></span> <span class='ocrx_word' id='word_1_700' title='bbox 483 4253 576 4297; x_wconf 88' lang='lat' dir='ltr'><strong>saneta</strong></span> <span class='ocrx_word' id='word_1_701' title='bbox 589 4249 616 4296; x_wconf 90' lang='lat' dir='ltr'><strong>et</strong></span> <span class='ocrx_word' id='word_1_702' title='bbox 639 4241 712 4310; x_wconf 85' lang='lat' dir='ltr'><strong>pat-is</strong></span> <span class='ocrx_word' id='word_1_703' title='bbox 725 4241 794 4295; x_wconf 84' lang='lat' dir='ltr'><strong>visio</strong></span> <span class='ocrx_word' id='word_1_704' title='bbox 812 4243 963 4297; x_wconf 81' lang='lat' dir='ltr'><strong>rectissume</strong></span> <span class='ocrx_word' id='word_1_705' title='bbox 978 4257 1027 4310; x_wconf 91' lang='lat' dir='ltr'><strong>ap-</strong></span> <span class='ocrx_word' id='word_1_706' title='bbox 1077 4241 1118 4296; x_wconf 80' lang='lat' dir='ltr'><strong>Ad</strong></span> <span class='ocrx_word' id='word_1_707' title='bbox 1134 4240 1252 4312; x_wconf 88' lang='lat' dir='ltr'><strong>agendas</strong></span> <span class='ocrx_word' id='word_1_708' title='bbox 1276 4240 1446 4310; x_wconf 89' lang='lat' dir='ltr'><strong>paternitatis</strong></span> <span class='ocrx_word' id='word_1_709' title='bbox 1459 4245 1557 4294; x_wconf 81' lang='lat' dir='ltr'><strong>restrae</strong></span> <span class='ocrx_word' id='word_1_710' title='bbox 1577 4237 1756 4293; x_wconf 87' lang='lat' dir='ltr'><strong>sollicitudini</strong></span> <span class='ocrx_word' id='word_1_711' title='bbox 1772 4241 1872 4310; x_wconf 73' lang='lat' dir='ltr'><strong>«liguas</strong></span> 
     </span>
     <span class='ocr_line' id='line_1_93' title="bbox 238 4307 1871 4382; baseline -0.002 -18"><span class='ocrx_word' id='word_1_712' title='bbox 238 4311 382 4380; x_wconf 89' lang='lat' dir='ltr'><strong>pellentur.</strong></span> <span class='ocrx_word' id='word_1_713' title='bbox 401 4309 433 4365; x_wconf 84' lang='grc' dir='ltr'><strong>Ει</strong></span> <span class='ocrx_word' id='word_1_714' title='bbox 447 4323 476 4366; x_wconf 86' lang='grc' dir='ltr'><strong>ιιι</strong></span> <span class='ocrx_word' id='word_1_715' title='bbox 490 4313 622 4368; x_wconf 82' lang='lat' dir='ltr'><strong>breuitate</strong></span> <span class='ocrx_word' id='word_1_716' title='bbox 632 4312 771 4365; x_wconf 86' lang='lat' dir='ltr'><strong>succincta</strong></span> <span class='ocrx_word' id='word_1_717' title='bbox 783 4311 898 4381; x_wconf 78' lang='lat' dir='ltr'><strong>gtlrtrima</strong></span> <span class='ocrx_word' id='word_1_718' title='bbox 913 4311 1026 4382; x_wconf 89' lang='lat' dir='ltr'><strong>colliga·</strong></span> <span class='ocrx_word' id='word_1_719' title='bbox 1077 4319 1170 4378; x_wconf 86' lang='lat' dir='ltr'><strong>grates</strong></span> <span class='ocrx_word' id='word_1_720' title='bbox 1183 4325 1243 4363; x_wconf 86' lang='lat' dir='ltr'><strong>cunr</strong></span> <span class='ocrx_word' id='word_1_721' title='bbox 1258 4325 1308 4365; x_wconf 88' lang='lat' dir='ltr'><strong>nec</strong></span> <span class='ocrx_word' id='word_1_722' title='bbox 1323 4309 1412 4380; x_wconf 91' lang='lat' dir='ltr'><strong>lingna</strong></span> <span class='ocrx_word' id='word_1_723' title='bbox 1438 4323 1488 4364; x_wconf 89' lang='lat' dir='ltr'><strong>nec</strong></span> <span class='ocrx_word' id='word_1_724' title='bbox 1513 4308 1634 4363; x_wconf 85' lang='lat' dir='ltr'><strong>calamus</strong></span> <span class='ocrx_word' id='word_1_725' title='bbox 1650 4307 1729 4362; x_wconf 89' lang='lat' dir='ltr'><strong>nobis</strong></span> <span class='ocrx_word' id='word_1_726' title='bbox 1741 4307 1871 4371; x_wconf 82' lang='lat' dir='ltr'><strong>suibciat,</strong></span> 
     </span>
     <span class='ocr_line' id='line_1_94' title="bbox 239 4381 1872 4452; baseline -0.004 -15"><span class='ocrx_word' id='word_1_727' title='bbox 239 4397 301 4437; x_wconf 87' lang='lat' dir='ltr'><strong>rrrrrs</strong></span> <span class='ocrx_word' id='word_1_728' title='bbox 323 4382 457 4452; x_wconf 82' lang='lat' dir='ltr'><strong>inagnatia</strong></span> <span class='ocrx_word' id='word_1_729' title='bbox 481 4383 527 4436; x_wconf 87' lang='lat' dir='ltr'><strong>bei</strong></span> <span class='ocrx_word' id='word_1_730' title='bbox 540 4393 567 4436; x_wconf 93' lang='lat' dir='ltr'><strong>et</strong></span> <span class='ocrx_word' id='word_1_731' title='bbox 583 4391 682 4443; x_wconf 87' lang='lat' dir='ltr'><strong>restra,</strong></span> <span class='ocrx_word' id='word_1_732' title='bbox 707 4382 806 4452; x_wconf 87' lang='lat' dir='ltr'><strong>qrribus</strong></span> <span class='ocrx_word' id='word_1_733' title='bbox 832 4383 865 4436; x_wconf 91' lang='grc' dir='ltr'><strong>ιιι</strong></span> <span class='ocrx_word' id='word_1_734' title='bbox 887 4381 1026 4438; x_wconf 88' lang='lat' dir='ltr'><strong>doloribus</strong></span> <span class='ocrx_word' id='word_1_735' title='bbox 1077 4381 1270 4436; x_wconf 85' lang='lat' dir='ltr'><strong>retributorem</strong></span> <span class='ocrx_word' id='word_1_736' title='bbox 1281 4381 1400 4435; x_wconf 87' lang='lat' dir='ltr'><strong>omniurn</strong></span> <span class='ocrx_word' id='word_1_737' title='bbox 1413 4381 1544 4434; x_wconf 87' lang='lat' dir='ltr'><strong>bonorum</strong></span> <span class='ocrx_word' id='word_1_738' title='bbox 1553 4386 1872 4434; x_wconf 82' lang='lat' dir='ltr'><strong>exoramesntnostrnm</strong></span> 
     </span>
     <span class='ocr_line' id='line_1_95' title="bbox 239 4447 1871 4523; baseline -0.002 -18"><span class='ocrx_word' id='word_1_739' title='bbox 239 4451 318 4506; x_wconf 86' lang='lat' dir='ltr'><strong>inleri</strong></span> <span class='ocrx_word' id='word_1_740' title='bbox 343 4454 426 4521; x_wconf 88' lang='lat' dir='ltr'><strong>erepti</strong></span> <span class='ocrx_word' id='word_1_741' title='bbox 444 4467 537 4507; x_wconf 76' lang='lat' dir='ltr'><strong>strennus</strong></span> <span class='ocrx_word' id='word_1_742' title='bbox 552 4459 580 4506; x_wconf 91' lang='lat' dir='ltr'><strong>et</strong></span> <span class='ocrx_word' id='word_1_743' title='bbox 595 4453 629 4506; x_wconf 91' lang='lat' dir='ltr'><strong>ab</strong></span> <span class='ocrx_word' id='word_1_744' title='bbox 644 4451 801 4523; x_wconf 84' lang='lat' dir='ltr'><strong>AEgyptiaca</strong></span> <span class='ocrx_word' id='word_1_745' title='bbox 824 4453 1023 4513; x_wconf 62' lang='lat' dir='ltr'><strong>seruauistis</strong></span> <span class='ocrx_word' id='word_1_746' title='bbox 1041 4451 1104 4522; x_wconf 82' lang='lat' dir='ltr'><strong>pin</strong></span> <span class='ocrx_word' id='word_1_747' title='bbox 1130 4451 1181 4505; x_wconf 90' lang='lat' dir='ltr'><strong>bac</strong></span> <span class='ocrx_word' id='word_1_748' title='bbox 1205 4458 1284 4519; x_wconf 88' lang='lat' dir='ltr'><strong>parte</strong></span> <span class='ocrx_word' id='word_1_749' title='bbox 1298 4449 1423 4520; x_wconf 89' lang='lat' dir='ltr'><strong>suppleat</strong></span> <span class='ocrx_word' id='word_1_750' title='bbox 1439 4447 1586 4511; x_wconf 87' lang='lat' dir='ltr'><strong>deiectum,</strong></span> <span class='ocrx_word' id='word_1_751' title='bbox 1616 4457 1645 4503; x_wconf 89' lang='lat' dir='ltr'><strong>et</strong></span> <span class='ocrx_word' id='word_1_752' title='bbox 1668 4447 1777 4504; x_wconf 86' lang='lat' dir='ltr'><strong>abunde</strong></span> <span class='ocrx_word' id='word_1_753' title='bbox 1791 4450 1871 4502; x_wconf 82' lang='lat' dir='ltr'><strong>robis</strong></span> 
     </span>
     <span class='ocr_line' id='line_1_96' title="bbox 238 4516 1870 4592; baseline -0.002 -18"><span class='ocrx_word' id='word_1_754' title='bbox 238 4531 348 4592; x_wconf 90' lang='lat' dir='ltr'><strong>possent</strong></span> <span class='ocrx_word' id='word_1_755' title='bbox 362 4523 472 4578; x_wconf 84' lang='lat' dir='ltr'><strong>aurilms</strong></span> <span class='ocrx_word' id='word_1_756' title='bbox 497 4522 651 4592; x_wconf 88' lang='lat' dir='ltr'><strong>apostolicis</strong></span> <span class='ocrx_word' id='word_1_757' title='bbox 675 4538 723 4592; x_wconf 89' lang='lat' dir='ltr'><strong>per</strong></span> <span class='ocrx_word' id='word_1_758' title='bbox 746 4521 859 4591; x_wconf 74' lang='lat' dir='ltr'><strong>alienius</strong></span> <span class='ocrx_word' id='word_1_759' title='bbox 879 4523 1021 4576; x_wconf 90' lang='lat' dir='ltr'><strong>scientiam</strong></span> <span class='ocrx_word' id='word_1_760' title='bbox 1077 4521 1299 4576; x_wconf 86' lang='lat' dir='ltr'><strong>retribuatonrne</strong></span> <span class='ocrx_word' id='word_1_761' title='bbox 1312 4522 1412 4575; x_wconf 84' lang='lat' dir='ltr'><strong>bornum</strong></span> <span class='ocrx_word' id='word_1_762' title='bbox 1423 4519 1494 4588; x_wconf 91' lang='lat' dir='ltr'><strong>quod</strong></span> <span class='ocrx_word' id='word_1_763' title='bbox 1511 4519 1589 4573; x_wconf 86' lang='lat' dir='ltr'><strong>uobis</strong></span> <span class='ocrx_word' id='word_1_764' title='bbox 1602 4527 1629 4573; x_wconf 91' lang='lat' dir='ltr'><strong>et</strong></span> <span class='ocrx_word' id='word_1_765' title='bbox 1641 4517 1743 4572; x_wconf 86' lang='lat' dir='ltr'><strong>nostris</strong></span> <span class='ocrx_word' id='word_1_766' title='bbox 1754 4516 1870 4588; x_wconf 83' lang='lat' dir='ltr'><strong>aliisque</strong></span> 
     </span>
    </p>
   </div>
   <div class='ocr_carea' id='block_1_13' title="bbox 1378 3631 1578 3798">
    <p class='ocr_par' dir='ltr' id='par_1_16' title="bbox 1378 3631 1578 3798">
     <span class='ocr_line' id='line_1_97' title="bbox 1440 3631 1505 3688; baseline -0.015 -1"><span class='ocrx_word' id='word_1_767' title='bbox 1440 3631 1505 3688; x_wconf 70' lang='grc' dir='ltr'>ιιι.</span> 
     </span>
     <span class='ocr_line' id='line_1_98' title="bbox 1378 3725 1578 3798; baseline -0.01 -15"><span class='ocrx_word' id='word_1_768' title='bbox 1378 3725 1464 3798; x_wconf 84' lang='lat' dir='ltr'><strong>Srtper</strong></span> <span class='ocrx_word' id='word_1_769' title='bbox 1477 3727 1578 3782; x_wconf 83' lang='lat' dir='ltr'><strong>eodem.</strong></span> 
     </span>
    </p>
   </div>
   <div class='ocr_carea' id='block_1_14' title="bbox 236 4591 1026 5012">
    <p class='ocr_par' dir='ltr' id='par_1_17' title="bbox 236 4591 1026 5012">
     <span class='ocr_line' id='line_1_99' title="bbox 237 4591 1023 4662; baseline 0.005 -19"><span class='ocrx_word' id='word_1_770' title='bbox 237 4592 280 4644; x_wconf 88' lang='lat' dir='ltr'><strong>uel</strong></span> <span class='ocrx_word' id='word_1_771' title='bbox 295 4594 446 4646; x_wconf 86' lang='lat' dir='ltr'><strong>lacrrndiarn</strong></span> <span class='ocrx_word' id='word_1_772' title='bbox 466 4594 585 4648; x_wconf 89' lang='lat' dir='ltr'><strong>intimari</strong></span> <span class='ocrx_word' id='word_1_773' title='bbox 601 4593 634 4646; x_wconf 93' lang='lat' dir='ltr'><strong>ad</strong></span> <span class='ocrx_word' id='word_1_774' title='bbox 654 4593 774 4662; x_wconf 84' lang='lat' dir='ltr'><strong>plenrun.</strong></span> <span class='ocrx_word' id='word_1_775' title='bbox 797 4591 849 4646; x_wconf 82' lang='lat' dir='ltr'><strong>Pro</strong></span> <span class='ocrx_word' id='word_1_776' title='bbox 875 4592 906 4647; x_wconf 91' lang='lat' dir='ltr'><strong>iis</strong></span> <span class='ocrx_word' id='word_1_777' title='bbox 920 4604 948 4646; x_wconf 89' lang='lat' dir='ltr'><strong>et</strong></span> <span class='ocrx_word' id='word_1_778' title='bbox 962 4593 1023 4647; x_wconf 92' lang='lat' dir='ltr'><strong>aliis</strong></span> 
     </span>
     <span class='ocr_line' id='line_1_100' title="bbox 239 4660 1025 4732; baseline 0 -16"><span class='ocrx_word' id='word_1_779' title='bbox 239 4660 378 4717; x_wconf 86' lang='lat' dir='ltr'><strong>beneticiis</strong></span> <span class='ocrx_word' id='word_1_780' title='bbox 391 4667 490 4718; x_wconf 85' lang='lat' dir='ltr'><strong>restris</strong></span> <span class='ocrx_word' id='word_1_781' title='bbox 505 4673 532 4718; x_wconf 91' lang='lat' dir='ltr'><strong>et</strong></span> <span class='ocrx_word' id='word_1_782' title='bbox 549 4662 748 4732; x_wconf 85' lang='lat' dir='ltr'><strong>rereopedbus</strong></span> <span class='ocrx_word' id='word_1_783' title='bbox 766 4662 858 4716; x_wconf 85' lang='lat' dir='ltr'><strong>ricatrii</strong></span> <span class='ocrx_word' id='word_1_784' title='bbox 871 4661 934 4717; x_wconf 82' lang='lat' dir='ltr'><strong>iesu</strong></span> <span class='ocrx_word' id='word_1_785' title='bbox 944 4662 1025 4718; x_wconf 85' lang='lat' dir='ltr'><strong>Cirri-</strong></span> 
     </span>
     <span class='ocr_line' id='line_1_101' title="bbox 240 4731 1023 4803; baseline 0.003 -18"><span class='ocrx_word' id='word_1_786' title='bbox 240 4732 286 4796; x_wconf 85' lang='lat' dir='ltr'><strong>sti,</strong></span> <span class='ocrx_word' id='word_1_787' title='bbox 300 4747 360 4803; x_wconf 77' lang='lat' dir='ltr'><strong>qum</strong></span> <span class='ocrx_word' id='word_1_788' title='bbox 374 4733 408 4788; x_wconf 91' lang='lat' dir='ltr'><strong>alt</strong></span> <span class='ocrx_word' id='word_1_789' title='bbox 426 4734 531 4788; x_wconf 89' lang='lat' dir='ltr'><strong>oriente</strong></span> <span class='ocrx_word' id='word_1_790' title='bbox 543 4733 569 4786; x_wconf 91' lang='lat' dir='ltr'><strong>in</strong></span> <span class='ocrx_word' id='word_1_791' title='bbox 584 4735 752 4788; x_wconf 86' lang='lat' dir='ltr'><strong>occidentem</strong></span> <span class='ocrx_word' id='word_1_792' title='bbox 772 4731 925 4786; x_wconf 91' lang='lat' dir='ltr'><strong>illuruiuaut</strong></span> <span class='ocrx_word' id='word_1_793' title='bbox 939 4741 1023 4787; x_wconf 88' lang='lat' dir='ltr'><strong>tutum</strong></span> 
     </span>
     <span class='ocr_line' id='line_1_102' title="bbox 239 4801 1026 4872; baseline 0.003 -18"><span class='ocrx_word' id='word_1_794' title='bbox 239 4803 380 4868; x_wconf 89' lang='lat' dir='ltr'><strong>mundum,</strong></span> <span class='ocrx_word' id='word_1_795' title='bbox 396 4803 533 4857; x_wconf 71' lang='lat' dir='ltr'><strong>teneritati</strong></span> <span class='ocrx_word' id='word_1_796' title='bbox 549 4801 681 4872; x_wconf 89' lang='lat' dir='ltr'><strong>usquead</strong></span> <span class='ocrx_word' id='word_1_797' title='bbox 700 4804 829 4857; x_wconf 88' lang='lat' dir='ltr'><strong>terminos</strong></span> <span class='ocrx_word' id='word_1_798' title='bbox 852 4803 926 4858; x_wconf 90' lang='lat' dir='ltr'><strong>orbis</strong></span> <span class='ocrx_word' id='word_1_799' title='bbox 946 4811 1026 4856; x_wconf 73' lang='lat' dir='ltr'><strong>terrae</strong></span> 
     </span>
     <span class='ocr_line' id='line_1_103' title="bbox 239 4873 1026 4942; baseline 0.003 -18"><span class='ocrx_word' id='word_1_800' title='bbox 239 4883 396 4938; x_wconf 87' lang='lat' dir='ltr'><strong>coruscant,</strong></span> <span class='ocrx_word' id='word_1_801' title='bbox 409 4874 523 4927; x_wconf 88' lang='lat' dir='ltr'><strong>tirmiter</strong></span> <span class='ocrx_word' id='word_1_802' title='bbox 542 4873 679 4927; x_wconf 83' lang='lat' dir='ltr'><strong>crednuus</strong></span> <span class='ocrx_word' id='word_1_803' title='bbox 693 4881 721 4927; x_wconf 93' lang='lat' dir='ltr'><strong>et</strong></span> <span class='ocrx_word' id='word_1_804' title='bbox 732 4887 872 4942; x_wconf 87' lang='lat' dir='ltr'><strong>speramus</strong></span> <span class='ocrx_word' id='word_1_805' title='bbox 888 4887 936 4942; x_wconf 86' lang='lat' dir='ltr'><strong>pro</strong></span> <span class='ocrx_word' id='word_1_806' title='bbox 951 4881 1026 4927; x_wconf 88' lang='lat' dir='ltr'><strong>certo</strong></span> 
     </span>
     <span class='ocr_line' id='line_1_104' title="bbox 236 4942 1026 5012; baseline 0.003 -16"><span class='ocrx_word' id='word_1_807' title='bbox 236 4945 309 5012; x_wconf 90' lang='lat' dir='ltr'><strong>quod</strong></span> <span class='ocrx_word' id='word_1_808' title='bbox 324 4943 351 4996; x_wconf 92' lang='lat' dir='ltr'><strong>iu</strong></span> <span class='ocrx_word' id='word_1_809' title='bbox 364 4943 542 4999; x_wconf 89' lang='lat' dir='ltr'><strong>retributione</strong></span> <span class='ocrx_word' id='word_1_810' title='bbox 558 4943 694 5011; x_wconf 75' lang='lat' dir='ltr'><strong>pistorum</strong></span> <span class='ocrx_word' id='word_1_811' title='bbox 707 4944 823 5012; x_wconf 84' lang='lat' dir='ltr'><strong>reposita</strong></span> <span class='ocrx_word' id='word_1_812' title='bbox 837 4955 879 4999; x_wconf 89' lang='lat' dir='ltr'><strong>cst</strong></span> <span class='ocrx_word' id='word_1_813' title='bbox 889 4942 964 4998; x_wconf 87' lang='lat' dir='ltr'><strong>robis</strong></span> <span class='ocrx_word' id='word_1_814' title='bbox 980 4957 1026 4998; x_wconf 89' lang='lat' dir='ltr'><strong>ee-</strong></span> 
     </span>
    </p>
   </div>
   <div class='ocr_carea' id='block_1_15' title="bbox 232 5071 1025 5847">
    <p class='ocr_par' dir='ltr' id='par_1_18' title="bbox 270 5071 747 5144">
     <span class='ocr_line' id='line_1_105' title="bbox 270 5071 747 5144; baseline 0 -16"><span class='ocrx_word' id='word_1_815' title='bbox 270 5072 328 5144; x_wconf 79' lang='grc' dir='ltr'>(ιι)</span> <span class='ocrx_word' id='word_1_816' title='bbox 343 5071 411 5129; x_wconf 74' lang='lat' dir='ltr'><strong>Vide</strong></span> <span class='ocrx_word' id='word_1_817' title='bbox 424 5071 496 5130; x_wconf 80' lang='lat' dir='ltr'><strong>illst.</strong></span> <span class='ocrx_word' id='word_1_818' title='bbox 514 5073 610 5143; x_wconf 74' lang='lat' dir='ltr'><strong>dilig,</strong></span> <span class='ocrx_word' id='word_1_819' title='bbox 627 5086 688 5142; x_wconf 89' lang='lat' dir='ltr'><strong>cap.</strong></span> <span class='ocrx_word' id='word_1_820' title='bbox 703 5071 747 5128; x_wconf 81' lang='lat' dir='ltr'><strong>tte.</strong></span> 
     </span>
    </p>

    <p class='ocr_par' dir='ltr' id='par_1_19' title="bbox 233 5143 1023 5410">
     <span class='ocr_line' id='line_1_106' title="bbox 270 5143 1022 5217; baseline -0.003 -19"><span class='ocrx_word' id='word_1_821' title='bbox 270 5145 328 5217; x_wconf 73' lang='grc' dir='ltr'>(ιι)</span> <span class='ocrx_word' id='word_1_822' title='bbox 342 5145 525 5200; x_wconf 76' lang='lat' dir='ltr'><strong>sanctissimo.</strong></span> <span class='ocrx_word' id='word_1_823' title='bbox 542 5145 627 5214; x_wconf 76' lang='grc' dir='ltr'>ιιιιιιι</span> <span class='ocrx_word' id='word_1_824' title='bbox 640 5143 761 5215; x_wconf 72' lang='lat' dir='ltr'><strong>epistolae</strong></span> <span class='ocrx_word' id='word_1_825' title='bbox 781 5143 878 5197; x_wconf 87' lang='lat' dir='ltr'><strong>seriem</strong></span> <span class='ocrx_word' id='word_1_826' title='bbox 898 5150 1022 5199; x_wconf 88' lang='lat' dir='ltr'><strong>truncam</strong></span> 
     </span>
     <span class='ocr_line' id='line_1_107' title="bbox 233 5211 1022 5284; baseline -0.004 -14"><span class='ocrx_word' id='word_1_827' title='bbox 233 5225 261 5270; x_wconf 85' lang='lat' dir='ltr'><strong>et</strong></span> <span class='ocrx_word' id='word_1_828' title='bbox 273 5215 395 5269; x_wconf 87' lang='lat' dir='ltr'><strong>mutilam</strong></span> <span class='ocrx_word' id='word_1_829' title='bbox 412 5215 496 5271; x_wconf 87' lang='lat' dir='ltr'><strong>baites</strong></span> <span class='ocrx_word' id='word_1_830' title='bbox 504 5217 574 5284; x_wconf 90' lang='lat' dir='ltr'><strong>apud</strong></span> <span class='ocrx_word' id='word_1_831' title='bbox 583 5219 707 5268; x_wconf 88' lang='grc' dir='ltr'>ιιιιιιιιιιιι</span> <span class='ocrx_word' id='word_1_832' title='bbox 718 5213 839 5279; x_wconf 88' lang='lat' dir='ltr'><strong>Petrum,</strong></span> <span class='ocrx_word' id='word_1_833' title='bbox 849 5229 874 5266; x_wconf 93' lang='lat' dir='ltr'><strong>c.</strong></span> <span class='ocrx_word' id='word_1_834' title='bbox 886 5211 930 5280; x_wconf 84' lang='grc'><strong>66,</strong></span> <span class='ocrx_word' id='word_1_835' title='bbox 940 5227 1022 5282; x_wconf 67' lang='lat' dir='ltr'><strong>tartaro</strong></span> 
     </span>
     <span class='ocr_line' id='line_1_108' title="bbox 234 5284 1023 5354; baseline -0.003 -16"><span class='ocrx_word' id='word_1_836' title='bbox 234 5286 318 5340; x_wconf 88' lang='lat' dir='ltr'><strong>rariis</strong></span> <span class='ocrx_word' id='word_1_837' title='bbox 329 5286 355 5339; x_wconf 88' lang='lat' dir='ltr'><strong>in</strong></span> <span class='ocrx_word' id='word_1_838' title='bbox 372 5284 438 5339; x_wconf 88' lang='lat' dir='ltr'><strong>locis</strong></span> <span class='ocrx_word' id='word_1_839' title='bbox 453 5286 580 5340; x_wconf 84' lang='lat' dir='ltr'><strong>restitues</strong></span> <span class='ocrx_word' id='word_1_840' title='bbox 591 5299 643 5354; x_wconf 90' lang='lat' dir='ltr'><strong>ope</strong></span> <span class='ocrx_word' id='word_1_841' title='bbox 662 5299 688 5340; x_wconf 91' lang='lat' dir='ltr'><strong>c.</strong></span> <span class='ocrx_word' id='word_1_842' title='bbox 704 5300 756 5339; x_wconf 90' lang='lat' dir='ltr'><strong>ms.</strong></span> <span class='ocrx_word' id='word_1_843' title='bbox 770 5299 803 5337; x_wconf 87' lang='lat' dir='ltr'><strong>ex</strong></span> <span class='ocrx_word' id='word_1_844' title='bbox 820 5297 874 5352; x_wconf 90' lang='lat' dir='ltr'><strong>quo</strong></span> <span class='ocrx_word' id='word_1_845' title='bbox 899 5285 1023 5338; x_wconf 88' lang='lat' dir='ltr'><strong>eaurdetn</strong></span> 
     </span>
     <span class='ocr_line' id='line_1_109' title="bbox 233 5355 809 5410; baseline -0.002 -2"><span class='ocrx_word' id='word_1_846' title='bbox 233 5355 261 5408; x_wconf 91' lang='grc' dir='ltr'><strong>ιιι</strong></span> <span class='ocrx_word' id='word_1_847' title='bbox 278 5356 350 5409; x_wconf 88' lang='grc' dir='ltr'>Ιιιιιιι</span> <span class='ocrx_word' id='word_1_848' title='bbox 363 5355 471 5409; x_wconf 79' lang='lat' dir='ltr'><strong>enodem</strong></span> <span class='ocrx_word' id='word_1_849' title='bbox 486 5356 629 5410; x_wconf 91' lang='lat' dir='ltr'><strong>transcribi</strong></span> <span class='ocrx_word' id='word_1_850' title='bbox 644 5357 809 5408; x_wconf 85' lang='lat' dir='ltr'><strong>curarimus.</strong></span> 
     </span>
    </p>

    <p class='ocr_par' dir='ltr' id='par_1_20' title="bbox 232 5422 1025 5847">
     <span class='ocr_line' id='line_1_110' title="bbox 269 5422 1022 5496; baseline -0.001 -18"><span class='ocrx_word' id='word_1_851' title='bbox 269 5425 326 5496; x_wconf 79' lang='grc' dir='ltr'>(ιι)</span> <span class='ocrx_word' id='word_1_852' title='bbox 344 5423 473 5478; x_wconf 85' lang='grc' dir='ltr'>ιἰιιιιιιιι.</span> <span class='ocrx_word' id='word_1_853' title='bbox 490 5427 614 5481; x_wconf 84' lang='lat' dir='ltr'><strong>Castrum</strong></span> <span class='ocrx_word' id='word_1_854' title='bbox 634 5423 716 5479; x_wconf 78' lang='lat' dir='ltr'><strong>Vatari</strong></span> <span class='ocrx_word' id='word_1_855' title='bbox 733 5424 803 5494; x_wconf 91' lang='lat' dir='ltr'><strong>aputi</strong></span> <span class='ocrx_word' id='word_1_856' title='bbox 822 5423 931 5478; x_wconf 84' lang='lat' dir='ltr'><strong>Petrum</strong></span> <span class='ocrx_word' id='word_1_857' title='bbox 957 5422 1022 5478; x_wconf 83' lang='lat' dir='ltr'><strong>vat·</strong></span> 
     </span>
     <span class='ocr_line' id='line_1_111' title="bbox 233 5491 1023 5566; baseline 0 -18"><span class='ocrx_word' id='word_1_858' title='bbox 233 5509 306 5550; x_wconf 88' lang='lat' dir='ltr'><strong>sero.</strong></span> <span class='ocrx_word' id='word_1_859' title='bbox 322 5512 348 5550; x_wconf 90' lang='lat' dir='ltr'><strong>c.</strong></span> <span class='ocrx_word' id='word_1_860' title='bbox 374 5495 420 5559; x_wconf 76' lang='lat'><strong>52,</strong></span> <span class='ocrx_word' id='word_1_861' title='bbox 441 5499 568 5566; x_wconf 91' lang='lat' dir='ltr'><strong>oppidum</strong></span> <span class='ocrx_word' id='word_1_862' title='bbox 595 5496 622 5550; x_wconf 91' lang='lat' dir='ltr'><strong>iu</strong></span> <span class='ocrx_word' id='word_1_863' title='bbox 646 5493 733 5549; x_wconf 86' lang='lat' dir='ltr'><strong>Gallia</strong></span> <span class='ocrx_word' id='word_1_864' title='bbox 757 5495 926 5550; x_wconf 81' lang='lat' dir='ltr'><strong>Narbonensi</strong></span> <span class='ocrx_word' id='word_1_865' title='bbox 950 5491 1023 5565; x_wconf 86' lang='lat' dir='ltr'><strong>quoti</strong></span> 
     </span>
     <span class='ocr_line' id='line_1_112' title="bbox 233 5563 1022 5633; baseline -0.001 -15"><span class='ocrx_word' id='word_1_866' title='bbox 233 5563 305 5618; x_wconf 89' lang='lat' dir='ltr'><strong>idem</strong></span> <span class='ocrx_word' id='word_1_867' title='bbox 326 5579 424 5620; x_wconf 82' lang='lat' dir='ltr'><strong>narnien</strong></span> <span class='ocrx_word' id='word_1_868' title='bbox 445 5565 525 5620; x_wconf 86' lang='lat' dir='ltr'><strong>inertie</strong></span> <span class='ocrx_word' id='word_1_869' title='bbox 546 5567 655 5628; x_wconf 87' lang='lat' dir='ltr'><strong>retinet,</strong></span> <span class='ocrx_word' id='word_1_870' title='bbox 673 5566 746 5621; x_wconf 86' lang='lat' dir='ltr'><strong>sicut</strong></span> <span class='ocrx_word' id='word_1_871' title='bbox 759 5575 786 5620; x_wconf 90' lang='lat' dir='ltr'><strong>et</strong></span> <span class='ocrx_word' id='word_1_872' title='bbox 805 5575 895 5621; x_wconf 90' lang='lat' dir='ltr'><strong>eastra</strong></span> <span class='ocrx_word' id='word_1_873' title='bbox 921 5577 981 5633; x_wconf 80' lang='lat' dir='ltr'><strong>quae</strong></span> <span class='ocrx_word' id='word_1_874' title='bbox 996 5564 1022 5617; x_wconf 90' lang='lat' dir='ltr'><strong>in</strong></span> 
     </span>
     <span class='ocr_line' id='line_1_113' title="bbox 233 5633 1025 5705; baseline 0 -17"><span class='ocrx_word' id='word_1_875' title='bbox 233 5633 285 5688; x_wconf 90' lang='lat' dir='ltr'><strong>bae</strong></span> <span class='ocrx_word' id='word_1_876' title='bbox 296 5634 409 5702; x_wconf 88' lang='lat' dir='ltr'><strong>epistola</strong></span> <span class='ocrx_word' id='word_1_877' title='bbox 424 5638 608 5692; x_wconf 91' lang='lat' dir='ltr'><strong>continentur.</strong></span> <span class='ocrx_word' id='word_1_878' title='bbox 630 5635 843 5705; x_wconf 86' lang='lat' dir='ltr'><strong>bistatseptimo</strong></span> <span class='ocrx_word' id='word_1_879' title='bbox 857 5635 1025 5690; x_wconf 87' lang='lat' dir='ltr'><strong>curnsernis·</strong></span> 
     </span>
     <span class='ocr_line' id='line_1_114' title="bbox 232 5703 1023 5775; baseline 0.003 -19"><span class='ocrx_word' id='word_1_880' title='bbox 232 5719 263 5757; x_wconf 75' lang='lat' dir='ltr'><strong>ac</strong></span> <span class='ocrx_word' id='word_1_881' title='bbox 281 5705 360 5758; x_wconf 83' lang='lat' dir='ltr'><strong>tritius</strong></span> <span class='ocrx_word' id='word_1_882' title='bbox 373 5721 386 5756; x_wconf 88' lang='lat' dir='ltr'><strong>a</strong></span> <span class='ocrx_word' id='word_1_883' title='bbox 399 5703 508 5772; x_wconf 80' lang='lat' dir='ltr'><strong>Titiana,</strong></span> <span class='ocrx_word' id='word_1_884' title='bbox 522 5705 659 5769; x_wconf 91' lang='lat' dir='ltr'><strong>milliario,</strong></span> <span class='ocrx_word' id='word_1_885' title='bbox 679 5705 705 5760; x_wconf 91' lang='lat' dir='ltr'><strong>id</strong></span> <span class='ocrx_word' id='word_1_886' title='bbox 728 5717 770 5762; x_wconf 86' lang='lat' dir='ltr'><strong>cst</strong></span> <span class='ocrx_word' id='word_1_887' title='bbox 789 5705 910 5775; x_wconf 89' lang='lat' dir='ltr'><strong>quinque</strong></span> <span class='ocrx_word' id='word_1_888' title='bbox 932 5703 1023 5758; x_wconf 86' lang='lat' dir='ltr'><strong>leoca-</strong></span> 
     </span>
     <span class='ocr_line' id='line_1_115' title="bbox 235 5771 1023 5847; baseline -0.001 -17"><span class='ocrx_word' id='word_1_889' title='bbox 235 5787 296 5830; x_wconf 91' lang='lat' dir='ltr'><strong>rum</strong></span> <span class='ocrx_word' id='word_1_890' title='bbox 310 5771 417 5841; x_wconf 88' lang='lat' dir='ltr'><strong>itinere,</strong></span> <span class='ocrx_word' id='word_1_891' title='bbox 436 5775 458 5828; x_wconf 89' lang='lat' dir='ltr'><strong>si</strong></span> <span class='ocrx_word' id='word_1_892' title='bbox 480 5775 616 5831; x_wconf 81' lang='lat' dir='ltr'><strong>erertiruus</strong></span> <span class='ocrx_word' id='word_1_893' title='bbox 632 5775 733 5832; x_wconf 87' lang='lat' dir='ltr'><strong>isidoro</strong></span> <span class='ocrx_word' id='word_1_894' title='bbox 755 5781 800 5847; x_wconf 90' lang='lat' dir='ltr'><strong>qui</strong></span> <span class='ocrx_word' id='word_1_895' title='bbox 817 5775 865 5832; x_wconf 88' lang='lat' dir='ltr'><strong>lib.</strong></span> <span class='ocrx_word' id='word_1_896' title='bbox 893 5789 927 5830; x_wconf 79' lang='grc' dir='ltr'><strong>ιι</strong></span> <span class='ocrx_word' id='word_1_897' title='bbox 948 5772 1023 5844; x_wconf 90' lang='lat' dir='ltr'><strong>Orlg.</strong></span> 
     </span>
    </p>
   </div>
   <div class='ocr_carea' id='block_1_16' title="bbox 1078 4587 1870 5008">
    <p class='ocr_par' dir='ltr' id='par_1_21' title="bbox 1078 4587 1870 5008">
     <span class='ocr_line' id='line_1_116' title="bbox 1078 4587 1867 4662; baseline -0.003 -18"><span class='ocrx_word' id='word_1_898' title='bbox 1078 4591 1193 4662; x_wconf 91' lang='lat' dir='ltr'><strong>partium</strong></span> <span class='ocrx_word' id='word_1_899' title='bbox 1209 4600 1362 4645; x_wconf 89' lang='lat' dir='ltr'><strong>nostrarum</strong></span> <span class='ocrx_word' id='word_1_900' title='bbox 1375 4589 1499 4644; x_wconf 90' lang='lat' dir='ltr'><strong>ecclesiis</strong></span> <span class='ocrx_word' id='word_1_901' title='bbox 1510 4589 1655 4642; x_wconf 89' lang='lat' dir='ltr'><strong>triimistis.</strong></span> <span class='ocrx_word' id='word_1_902' title='bbox 1672 4587 1742 4642; x_wconf 88' lang='lat' dir='ltr'><strong>Cum</strong></span> <span class='ocrx_word' id='word_1_903' title='bbox 1754 4587 1867 4642; x_wconf 86' lang='lat' dir='ltr'><strong>cointio</strong></span> 
     </span>
     <span class='ocr_line' id='line_1_117' title="bbox 1078 4657 1869 4732; baseline 0 -18"><span class='ocrx_word' id='word_1_904' title='bbox 1078 4661 1200 4732; x_wconf 86' lang='lat' dir='ltr'><strong>partibus</strong></span> <span class='ocrx_word' id='word_1_905' title='bbox 1215 4661 1281 4730; x_wconf 84' lang='lat' dir='ltr'><strong>ipsis</strong></span> <span class='ocrx_word' id='word_1_906' title='bbox 1296 4661 1379 4730; x_wconf 89' lang='lat' dir='ltr'><strong>pestis</strong></span> <span class='ocrx_word' id='word_1_907' title='bbox 1394 4660 1518 4713; x_wconf 86' lang='lat' dir='ltr'><strong>incrctica</strong></span> <span class='ocrx_word' id='word_1_908' title='bbox 1535 4658 1571 4712; x_wconf 93' lang='lat' dir='ltr'><strong>ibi</strong></span> <span class='ocrx_word' id='word_1_909' title='bbox 1585 4657 1737 4726; x_wconf 80' lang='lat' dir='ltr'><strong>anitiquitns</strong></span> <span class='ocrx_word' id='word_1_910' title='bbox 1750 4657 1810 4725; x_wconf 78' lang='lat' dir='ltr'><strong>tibi</strong></span> <span class='ocrx_word' id='word_1_911' title='bbox 1822 4673 1869 4714; x_wconf 81' lang='lat' dir='ltr'><strong>se·</strong></span> 
     </span>
     <span class='ocr_line' id='line_1_118' title="bbox 1079 4729 1870 4798; baseline -0.008 -12"><span class='ocrx_word' id='word_1_912' title='bbox 1079 4732 1181 4786; x_wconf 75' lang='lat' dir='ltr'><strong>mitrata</strong></span> <span class='ocrx_word' id='word_1_913' title='bbox 1200 4731 1300 4785; x_wconf 86' lang='lat' dir='ltr'><strong>nostris</strong></span> <span class='ocrx_word' id='word_1_914' title='bbox 1325 4730 1491 4797; x_wconf 90' lang='lat' dir='ltr'><strong>teotporibns</strong></span> <span class='ocrx_word' id='word_1_915' title='bbox 1503 4743 1589 4798; x_wconf 84' lang='lat' dir='ltr'><strong>rtsqtre</strong></span> <span class='ocrx_word' id='word_1_916' title='bbox 1602 4729 1671 4782; x_wconf 86' lang='grc' dir='ltr'>ιιιιιι</span> <span class='ocrx_word' id='word_1_917' title='bbox 1685 4730 1870 4783; x_wconf 86' lang='lat' dir='ltr'><strong>succrevisset</strong></span> 
     </span>
     <span class='ocr_line' id='line_1_119' title="bbox 1078 4797 1868 4872; baseline -0.004 -19"><span class='ocrx_word' id='word_1_918' title='bbox 1078 4802 1149 4872; x_wconf 86' lang='lat' dir='ltr'><strong>qrrod</strong></span> <span class='ocrx_word' id='word_1_919' title='bbox 1176 4800 1266 4855; x_wconf 89' lang='lat' dir='ltr'><strong>cultus</strong></span> <span class='ocrx_word' id='word_1_920' title='bbox 1286 4801 1394 4855; x_wconf 84' lang='lat' dir='ltr'><strong>divinos</strong></span> <span class='ocrx_word' id='word_1_921' title='bbox 1417 4799 1516 4854; x_wconf 83' lang='lat' dir='ltr'><strong>ibidem</strong></span> <span class='ocrx_word' id='word_1_922' title='bbox 1544 4799 1692 4854; x_wconf 85' lang='lat' dir='ltr'><strong>baberetur</strong></span> <span class='ocrx_word' id='word_1_923' title='bbox 1712 4797 1826 4853; x_wconf 89' lang='lat' dir='ltr'><strong>omnino</strong></span> <span class='ocrx_word' id='word_1_924' title='bbox 1842 4801 1868 4851; x_wconf 87' lang='lat' dir='ltr'><strong>in</strong></span> 
     </span>
     <span class='ocr_line' id='line_1_120' title="bbox 1079 4867 1870 4943; baseline -0.004 -18"><span class='ocrx_word' id='word_1_925' title='bbox 1079 4869 1254 4943; x_wconf 88' lang='lat' dir='ltr'><strong>opprobrium</strong></span> <span class='ocrx_word' id='word_1_926' title='bbox 1268 4871 1435 4935; x_wconf 90' lang='lat' dir='ltr'><strong>etderismn,</strong></span> <span class='ocrx_word' id='word_1_927' title='bbox 1455 4880 1483 4922; x_wconf 90' lang='lat' dir='ltr'><strong>et</strong></span> <span class='ocrx_word' id='word_1_928' title='bbox 1493 4870 1520 4922; x_wconf 91' lang='lat' dir='ltr'><strong>iu</strong></span> <span class='ocrx_word' id='word_1_929' title='bbox 1540 4869 1644 4925; x_wconf 90' lang='lat' dir='ltr'><strong>clerum</strong></span> <span class='ocrx_word' id='word_1_930' title='bbox 1659 4878 1688 4921; x_wconf 90' lang='grc' dir='ltr'><strong>ιι</strong></span> <span class='ocrx_word' id='word_1_931' title='bbox 1699 4867 1769 4923; x_wconf 89' lang='lat' dir='ltr'><strong>bona</strong></span> <span class='ocrx_word' id='word_1_932' title='bbox 1780 4869 1870 4922; x_wconf 82' lang='lat' dir='ltr'><strong>ecele-</strong></span> 
     </span>
     <span class='ocr_line' id='line_1_121' title="bbox 1079 4937 1869 5008; baseline -0.009 -12"><span class='ocrx_word' id='word_1_933' title='bbox 1079 4942 1190 4996; x_wconf 83' lang='lat' dir='ltr'><strong>siastica</strong></span> <span class='ocrx_word' id='word_1_934' title='bbox 1204 4941 1269 4995; x_wconf 91' lang='lat' dir='ltr'><strong>binc</strong></span> <span class='ocrx_word' id='word_1_935' title='bbox 1289 4939 1420 5005; x_wconf 80' lang='lat' dir='ltr'><strong>lteretici,</strong></span> <span class='ocrx_word' id='word_1_936' title='bbox 1447 4938 1509 4995; x_wconf 91' lang='lat' dir='ltr'><strong>iude</strong></span> <span class='ocrx_word' id='word_1_937' title='bbox 1524 4938 1617 4994; x_wconf 89' lang='lat' dir='ltr'><strong>rotarii</strong></span> <span class='ocrx_word' id='word_1_938' title='bbox 1634 4937 1693 5008; x_wconf 77' lang='lat' dir='ltr'><strong>(ili)</strong></span> <span class='ocrx_word' id='word_1_939' title='bbox 1707 4952 1869 5008; x_wconf 84' lang='lat' dir='ltr'><strong>grassaren-</strong></span> 
     </span>
    </p>
   </div>
   <div class='ocr_carea' id='block_1_17' title="bbox 1075 5067 1867 5702">
    <p class='ocr_par' dir='ltr' id='par_1_22' title="bbox 1075 5067 1866 5200">
     <span class='ocr_line' id='line_1_122' title="bbox 1075 5067 1866 5198; baseline -0.008 -70"><span class='ocrx_word' id='word_1_940' title='bbox 1075 5088 1100 5128; x_wconf 92' lang='lat' dir='ltr'><strong>c.</strong></span> <span class='ocrx_word' id='word_1_941' title='bbox 1117 5073 1166 5198; x_wconf 38' lang='lat' dir='ltr'><strong>etit.</strong></span> <span class='ocrx_word' id='word_1_942' title='bbox 1180 5072 1284 5129; x_wconf 90' lang='lat' dir='ltr'><strong>leucam</strong></span> <span class='ocrx_word' id='word_1_943' title='bbox 1296 5069 1370 5127; x_wconf 89' lang='lat' dir='ltr'><strong>mille</strong></span> <span class='ocrx_word' id='word_1_944' title='bbox 1382 5076 1410 5127; x_wconf 88' lang='lat' dir='ltr'><strong>ct</strong></span> <span class='ocrx_word' id='word_1_945' title='bbox 1421 5069 1577 5141; x_wconf 90' lang='lat' dir='ltr'><strong>quingentis</strong></span> <span class='ocrx_word' id='word_1_946' title='bbox 1588 5069 1715 5140; x_wconf 88' lang='lat' dir='ltr'><strong>passibus</strong></span> <span class='ocrx_word' id='word_1_947' title='bbox 1726 5067 1866 5125; x_wconf 89' lang='lat' dir='ltr'><strong>coarctari</strong></span> 
     </span>
     <span class='ocr_line' id='line_1_123' title="bbox 1075 5145 1179 5200; baseline -0.038 0"><span class='ocrx_word' id='word_1_948' title='bbox 1075 5146 1128 5200; x_wconf 86' lang='lat' dir='ltr'><strong>seri</strong></span> <span class='ocrx_word' id='word_1_949' title='bbox 1150 5145 1179 5197; x_wconf 87' lang='lat' dir='ltr'><strong>it.</strong></span> 
     </span>
    </p>

    <p class='ocr_par' dir='ltr' id='par_1_23' title="bbox 1075 5208 1867 5492">
     <span class='ocr_line' id='line_1_124' title="bbox 1112 5208 1867 5284; baseline -0.007 -16"><span class='ocrx_word' id='word_1_950' title='bbox 1112 5211 1169 5284; x_wconf 73' lang='lat' dir='ltr'><strong>tte)</strong></span> <span class='ocrx_word' id='word_1_951' title='bbox 1183 5211 1344 5283; x_wconf 77' lang='lat' dir='ltr'><strong>Antiquitas.</strong></span> <span class='ocrx_word' id='word_1_952' title='bbox 1360 5209 1476 5266; x_wconf 80' lang='grc' dir='ltr'>ιιιιιιίιι</span> <span class='ocrx_word' id='word_1_953' title='bbox 1487 5210 1604 5279; x_wconf 90' lang='lat' dir='ltr'><strong>primum</strong></span> <span class='ocrx_word' id='word_1_954' title='bbox 1612 5208 1867 5266; x_wconf 69' lang='lat' dir='ltr'><strong>albianensiserror</strong></span> 
     </span>
     <span class='ocr_line' id='line_1_125' title="bbox 1076 5278 1865 5346; baseline -0.01 -6"><span class='ocrx_word' id='word_1_955' title='bbox 1076 5293 1187 5340; x_wconf 79' lang='lat' dir='ltr'><strong>exortus</strong></span> <span class='ocrx_word' id='word_1_956' title='bbox 1201 5294 1243 5338; x_wconf 90' lang='lat' dir='ltr'><strong>est</strong></span> <span class='ocrx_word' id='word_1_957' title='bbox 1256 5297 1329 5336; x_wconf 84' lang='lat' dir='ltr'><strong>atauo</strong></span> <span class='ocrx_word' id='word_1_958' title='bbox 1343 5281 1449 5335; x_wconf 83' lang='lat' dir='ltr'><strong>Domini</strong></span> <span class='ocrx_word' id='word_1_959' title='bbox 1463 5282 1543 5335; x_wconf 77' lang='lat' dir='ltr'><strong>iblit</strong></span> <span class='ocrx_word' id='word_1_960' title='bbox 1568 5279 1671 5337; x_wconf 87' lang='lat' dir='ltr'><strong>Giabet·</strong></span> <span class='ocrx_word' id='word_1_961' title='bbox 1694 5279 1774 5346; x_wconf 80' lang='lat' dir='ltr'><strong>ilad,</strong></span> <span class='ocrx_word' id='word_1_962' title='bbox 1792 5278 1865 5333; x_wconf 65' lang='lat' dir='ltr'><strong>ilict.</strong></span> 
     </span>
     <span class='ocr_line' id='line_1_126' title="bbox 1075 5349 1867 5419; baseline -0.006 -11"><span class='ocrx_word' id='word_1_963' title='bbox 1075 5353 1190 5419; x_wconf 75' lang='lat' dir='ltr'><strong>Frena,</strong></span> <span class='ocrx_word' id='word_1_964' title='bbox 1204 5353 1250 5410; x_wconf 93' lang='lat' dir='ltr'><strong>lib.</strong></span> <span class='ocrx_word' id='word_1_965' title='bbox 1267 5367 1308 5416; x_wconf 91' lang='grc' dir='ltr'>ιιι,</span> <span class='ocrx_word' id='word_1_966' title='bbox 1318 5367 1344 5405; x_wconf 89' lang='grc' dir='ltr'><strong>ι.</strong></span> <span class='ocrx_word' id='word_1_967' title='bbox 1356 5351 1389 5415; x_wconf 91' lang='lat'><strong>8;</strong></span> <span class='ocrx_word' id='word_1_968' title='bbox 1402 5351 1499 5407; x_wconf 91' lang='lat' dir='ltr'><strong>deinde</strong></span> <span class='ocrx_word' id='word_1_969' title='bbox 1508 5365 1556 5419; x_wconf 88' lang='lat' dir='ltr'><strong>per</strong></span> <span class='ocrx_word' id='word_1_970' title='bbox 1577 5349 1698 5406; x_wconf 78' lang='lat' dir='ltr'><strong>universi</strong></span> <span class='ocrx_word' id='word_1_971' title='bbox 1722 5349 1800 5418; x_wconf 87' lang='lat' dir='ltr'><strong>regni</strong></span> <span class='ocrx_word' id='word_1_972' title='bbox 1821 5363 1867 5404; x_wconf 88' lang='lat' dir='ltr'><strong>ur-</strong></span> 
     </span>
     <span class='ocr_line' id='line_1_127' title="bbox 1077 5420 1681 5492; baseline -0.013 -12"><span class='ocrx_word' id='word_1_973' title='bbox 1077 5427 1139 5480; x_wconf 93' lang='lat' dir='ltr'><strong>bem</strong></span> <span class='ocrx_word' id='word_1_974' title='bbox 1157 5425 1241 5492; x_wconf 82' lang='lat' dir='ltr'><strong>pestis</strong></span> <span class='ocrx_word' id='word_1_975' title='bbox 1255 5425 1450 5477; x_wconf 86' lang='lat' dir='ltr'><strong>irrerentcutuut</strong></span> <span class='ocrx_word' id='word_1_976' title='bbox 1461 5420 1550 5476; x_wconf 88' lang='lat' dir='ltr'><strong>latens</strong></span> <span class='ocrx_word' id='word_1_977' title='bbox 1559 5420 1681 5476; x_wconf 87' lang='lat' dir='ltr'><strong>eutersit.</strong></span> 
     </span>
    </p>

    <p class='ocr_par' dir='ltr' id='par_1_24' title="bbox 1077 5487 1865 5702">
     <span class='ocr_line' id='line_1_128' title="bbox 1113 5487 1865 5565; baseline -0.005 -17"><span class='ocrx_word' id='word_1_978' title='bbox 1113 5493 1170 5565; x_wconf 79' lang='lat' dir='ltr'><strong>(ibi</strong></span> <span class='ocrx_word' id='word_1_979' title='bbox 1180 5493 1294 5558; x_wconf 79' lang='lat' dir='ltr'><strong>dotarii,</strong></span> <span class='ocrx_word' id='word_1_980' title='bbox 1303 5492 1401 5563; x_wconf 89' lang='lat' dir='ltr'><strong>quibus</strong></span> <span class='ocrx_word' id='word_1_981' title='bbox 1411 5489 1689 5559; x_wconf 88' lang='lat' dir='ltr'><strong>addebatistariosqui</strong></span> <span class='ocrx_word' id='word_1_982' title='bbox 1702 5487 1760 5561; x_wconf 69' lang='lat' dir='ltr'><strong>ldie</strong></span> <span class='ocrx_word' id='word_1_983' title='bbox 1774 5487 1865 5562; x_wconf 68' lang='lat' dir='ltr'><strong>epioe</strong></span> 
     </span>
     <span class='ocr_line' id='line_1_129' title="bbox 1077 5559 1864 5629; baseline -0.009 -11"><span class='ocrx_word' id='word_1_984' title='bbox 1077 5564 1246 5620; x_wconf 83' lang='lat' dir='ltr'><strong>wasconum</strong></span> <span class='ocrx_word' id='word_1_985' title='bbox 1257 5565 1346 5618; x_wconf 89' lang='lat' dir='ltr'><strong>adbuc</strong></span> <span class='ocrx_word' id='word_1_986' title='bbox 1359 5574 1456 5616; x_wconf 86' lang='lat' dir='ltr'><strong>nornen</strong></span> <span class='ocrx_word' id='word_1_987' title='bbox 1469 5561 1588 5615; x_wconf 88' lang='lat' dir='ltr'><strong>retinent</strong></span> <span class='ocrx_word' id='word_1_988' title='bbox 1601 5568 1735 5623; x_wconf 70' lang='lat' dir='ltr'><strong>errantes,</strong></span> <span class='ocrx_word' id='word_1_989' title='bbox 1757 5569 1787 5614; x_wconf 89' lang='lat' dir='ltr'><strong>et</strong></span> <span class='ocrx_word' id='word_1_990' title='bbox 1811 5559 1864 5629; x_wconf 79' lang='lat' dir='ltr'><strong>Py-</strong></span> 
     </span>
     <span class='ocr_line' id='line_1_130' title="bbox 1081 5630 1865 5702; baseline -0.011 -13"><span class='ocrx_word' id='word_1_991' title='bbox 1081 5649 1231 5690; x_wconf 83' lang='lat' dir='ltr'><strong>renaorum</strong></span> <span class='ocrx_word' id='word_1_992' title='bbox 1248 5633 1366 5702; x_wconf 90' lang='lat' dir='ltr'><strong>scopulis</strong></span> <span class='ocrx_word' id='word_1_993' title='bbox 1377 5641 1506 5701; x_wconf 87' lang='lat' dir='ltr'><strong>tanquam</strong></span> <span class='ocrx_word' id='word_1_994' title='bbox 1522 5631 1621 5684; x_wconf 76' lang='lat' dir='ltr'><strong>ltltace</strong></span> <span class='ocrx_word' id='word_1_995' title='bbox 1632 5630 1731 5684; x_wconf 82' lang='lat' dir='ltr'><strong>addicti</strong></span> <span class='ocrx_word' id='word_1_996' title='bbox 1750 5638 1865 5698; x_wconf 84' lang='lat' dir='ltr'><strong>peregre</strong></span> 
     </span>
    </p>
   </div>
   <div class='ocr_carea' id='block_1_18' title="bbox 1078 5697 1864 5843">
    <p class='ocr_par' dir='ltr' id='par_1_25' title="bbox 1078 5697 1864 5843">
     <span class='ocr_line' id='line_1_131' title="bbox 1078 5697 1863 5786; baseline -0.008 -28"><span class='ocrx_word' id='word_1_997' title='bbox 1078 5704 1282 5786; x_wconf 81' lang='lat' dir='ltr'><strong>proticiscentes</strong></span> <span class='ocrx_word' id='word_1_998' title='bbox 1297 5719 1350 5756; x_wconf 92' lang='lat' dir='ltr'><strong>uon</strong></span> <span class='ocrx_word' id='word_1_999' title='bbox 1361 5702 1448 5783; x_wconf 84' lang='lat' dir='ltr'><strong>solnm</strong></span> <span class='ocrx_word' id='word_1_1000' title='bbox 1461 5702 1581 5784; x_wconf 74' lang='lat' dir='ltr'><strong>restium</strong></span> <span class='ocrx_word' id='word_1_1001' title='bbox 1601 5708 1629 5755; x_wconf 91' lang='lat' dir='ltr'><strong>et</strong></span> <span class='ocrx_word' id='word_1_1002' title='bbox 1654 5701 1786 5764; x_wconf 87' lang='lat' dir='ltr'><strong>rrummis,</strong></span> <span class='ocrx_word' id='word_1_1003' title='bbox 1815 5697 1863 5751; x_wconf 83' lang='lat' dir='ltr'><strong>sed</strong></span> 
     </span>
     <span class='ocr_line' id='line_1_132' title="bbox 1078 5769 1864 5843; baseline -0.014 -13"><span class='ocrx_word' id='word_1_1004' title='bbox 1078 5776 1214 5832; x_wconf 81' lang='lat' dir='ltr'><strong>ritterdmn</strong></span> <span class='ocrx_word' id='word_1_1005' title='bbox 1232 5776 1294 5829; x_wconf 82' lang='lat' dir='ltr'><strong>rite</strong></span> <span class='ocrx_word' id='word_1_1006' title='bbox 1308 5788 1358 5832; x_wconf 86' lang='lat' dir='ltr'><strong>usu</strong></span> <span class='ocrx_word' id='word_1_1007' title='bbox 1373 5772 1501 5843; x_wconf 81' lang='lat' dir='ltr'><strong>spoliant,</strong></span> <span class='ocrx_word' id='word_1_1008' title='bbox 1516 5780 1554 5829; x_wconf 86' lang='grc' dir='ltr'><strong>ιιι</strong></span> <span class='ocrx_word' id='word_1_1009' title='bbox 1570 5780 1599 5827; x_wconf 88' lang='grc' dir='ltr'><strong>ιι</strong></span> <span class='ocrx_word' id='word_1_1010' title='bbox 1614 5783 1679 5828; x_wconf 87' lang='lat' dir='ltr'><strong>rere</strong></span> <span class='ocrx_word' id='word_1_1011' title='bbox 1690 5769 1864 5827; x_wconf 80' lang='lat' dir='ltr'><strong>innocentius</strong></span> 
     </span>
    </p>
   </div>
   <div class='ocr_carea' id='block_1_19' title="bbox 0 0 2060 6325">
    <p class='ocr_par' dir='ltr' id='par_1_26' title="bbox 0 0 2060 6325">
     <span class='ocr_line' id='line_1_133' title="bbox 0 0 2060 6325; baseline 0 3"><span class='ocrx_word' id='word_1_1012' title='bbox 0 0 2060 6325; x_wconf 95' lang='lat' dir='ltr'><strong> </strong></span> 
     </span>
    </p>
   </div>
  </div>
 </body>
</html>
