4109 6325
153 244 203 299 sot
620 234 866 295 constrictius
886 237 979 293 talto

998 237 1067 302 lttrt,
1088 239 1223 295 cltltrstt
1244 240 1323 297 leda.
1733 250 1788 305 202

153 366 259 417 tantur,
275 351 318 409 tel
330 352 376 423 qni
391 350 417 405 in
432 345 550 406 ftrt‘urum
566 366 581 405 a
596 348 794 407 Saraccnorum
806 360 947 421 potestate,
963 356 986 413 ,i
1000 350 1218 424 archiepiscopus
1231 363 1272 408 est
1286 352 1313 407 in
1328 367 1371 418 aa,
1386 354 1535 423 prudenter
1548 364 1576 411 et
1588 352 1733 415 efficaciter
1747 364 1773 415 in

146 446 305 503 auxiliante
328 442 454 507 Domino,
474 441 632 512 eripientur,
651 444 762 499 omnino
783 442 878 512 integri
895 450 948 497 tum

152 539 201 593 tihi
217 551 299 607 quarn
316 534 370 589 tuis
389 532 593 589 successoribus
614 536 641 588 in
662 542 822 603 perpetuum
839 547 948 588 conset.

999 440 1107 497 ducatis
1128 444 1252 497 cumdem
1269 452 1299 498 ut
1313 444 1347 497 ad
1368 444 1547 500 obedientiam
1561 455 1589 501 et
1610 452 1790 506 reverentiam

998 529 1153 597 apostolicae
1167 530 1241 586 sedis
1257 546 1291 587 ac
1306 541 1428 588 nostram
1445 534 1584 590 httrnilirer
1603 548 1789 607 eonvertatur,

151 636 261 685 rentur.
276 624 390 679 Nomina
406 636 472 677 tero
485 622 644 692 oppidorum
658 640 718 693 que
736 624 763 678 in
781 634 824 679 tua
837 623 947 680 dioecesi
995 616 1180 685 iuramentum
1199 622 1332 678 exhibens
1358 639 1440 694 super
1462 626 1514 682 hoc
1539 630 1611 698 quod
1632 630 1754 686 exbiberi
1775 649 1791 687 u

151 720 229 775 allel
247 714 371 773 fidelibus
385 712 550 781 incoluntur,
572 714 597 768 in
612 716 737 783 prasenti
756 716 852 786 pagina
870 713 948 768 duxi-

151 825 212 867 mus
229 806 384 863 adnotanda
401 822 409 858 :
424 803 569 870 Talavera,
586 804 712 872 bilannn,
737 804 858 869 llnlreda,
878 803 948 859 San·

151 912 195 955 cta
211 896 328 961 Eulalia,
346 894 470 959 linimus,
496 892 629 959 Canales,
654 894 827 959 hlaieritmn,
843 896 946 961 alcala,
971 903 979 911 “

148 988 354 1053 wadalfaiara,
378 986 462 1051 Fita,
482 986 651 1055 Pennafora,
672 987 808 1058 belegna,
834 988 923 1045 Uzeda
938 1029 945 1056 ,

144 1068 328 1144 'Talantanca
342 1079 500 1145 butracum,
511 1077 662 1144 Calatalifa,
678 1079 828 1145 ascalona,
842 1080 945 1150 zurita,

999 707 1098 763 talibus
1110 715 1262 767 consuerit.
1276 711 1329 779 bur
1344 715 1367 768 si
1384 713 1473 770 forsan
1491 719 1516 771 id
1531 722 1664 789 perlicere
1681 738 1791 779 recusa-

998 800 1078 865 terit,
1093 815 1141 856 ros
1157 818 1190 857 eo
1204 804 1238 859 ab
1258 804 1658 883 administrationepontificali
1679 831 1792 886 prorsus

999 900 1109 957 amoto,
1134 907 1196 948 cum
1216 908 1266 963 pro
1285 895 1324 949 rei
1348 900 1467 955 notitate
1485 918 1538 956 non
1560 906 1644 973 possit
1661 921 1695 963 es
1716 923 1792 965 more

997 980 1113 1036 aliarum
1126 981 1311 1039 Ecclesiarnm
1332 987 1366 1042 nd
1385 989 1514 1045 usitatum
1528 993 1667 1054 electionis
1681 1000 1790 1057 modurn

997 1073 1128 1141 procedi,
1145 1073 1272 1131 dilectum
1295 1077 1379 1132 filiunt
1402 1078 1436 1133 ll.
1455 1080 1585 1139 decanum
1610 1086 1790 1147 catalaunen-

151 1169 499 1240 circumambientem,
519 1181 546 1223 et
559 1169 679 1225 blcslea.
695 1170 870 1227 discernimus
882 1186 948 1243 ungu
997 1178 1067 1231 sem,
1088 1167 1176 1221 tirum
1193 1169 1287 1239 utique
1307 1170 1374 1235 vita,
1386 1170 1457 1227 fama
1478 1184 1506 1228 et
1526 1176 1639 1235 scientia
1654 1196 1791 1240 corttmen·

149 1276 180 1319 ut
193 1262 259 1318 nulli
271 1262 384 1318 omnino
401 1262 540 1317 donuinam
554 1262 633 1317 liceat
647 1262 787 1334 praelatam
799 1262 946 1317 Ecclesiam
996 1255 1130 1325 debilem,
1146 1258 1276 1315 Ecclesiae
1289 1260 1409 1317 ciuitatis
1421 1261 1540 1330 eiusdem
1557 1273 1719 1328 auctoritate
1739 1290 1790 1330 no-

150 1371 252 1415 temere
271 1360 447 1428 perturbate,
470 1367 516 1411 aut
532 1356 590 1426 ejus
617 1360 800 1428 possessiones
817 1359 944 1428 auferre,
997 1356 1053 1403 stra
1069 1348 1177 1404 sublato
1190 1350 1334 1419 cuiuslibet
1352 1356 1577 1414 contradictionis
1589 1370 1617 1415 et
1631 1362 1791 1432 appellatio·

149 1448 255 1503 ablatas
270 1449 399 1513 retinere,
417 1448 556 1513 minuere,
573 1462 619 1503 sert
641 1449 808 1518 quibuslibet
822 1452 946 1507 anuntio.
998 1440 1042 1496 nis
1057 1440 1199 1497 obstaculo
1215 1442 1243 1496 in
1255 1442 1490 1515 archiepiscopum
1501 1449 1660 1520 assignetis,
1675 1452 1791 1525 idipsum

148 1540 229 1595 nibus
254 1538 391 1610 fatigare3
418 1538 467 1593 sed
494 1538 585 1592 omnia
614 1538 720 1609 integra
748 1552 947 1599 conuertuntur
996 1531 1132 1589 lactrrrisi
1149 1534 1487 1609 fomart,utaccepimns,
1505 1544 1628 1598 eanrdem
1642 1544 1792 1603 Ecclesiam

147 1644 244 1685 annun
266 1644 320 1700 pru
341 1642 457 1699 quunun
477 1626 674 1698 gubernatione
695 1644 727 1687 an
748 1633 947 1689 sustentatione
998 1624 1157 1682 insonueritis
1171 1628 1300 1683 defuncto
1319 1631 1524 1703 archiepiscopo
1537 1634 1694 1691 destitutam
1709 1677 1717 1704 ,
1731 1653 1792 1695 mo-

147 1735 280 1777 concessa
306 1728 367 1777 sunt
391 1720 485 1776 usibus
506 1719 669 1777 omnimodis
689 1723 850 1794 profutura,
872 1724 945 1781 salva
962 1704 1089 1771 Bnendo
1102 1716 1231 1783 clericos,
1250 1720 1333 1791 siqui
1349 1720 1465 1788 ftrcrint,
1481 1735 1511 1779 ut
1528 1726 1552 1780 ci
1570 1730 1751 1785 reverentiam
1764 1744 1794 1788 et

145 1804 391 1884 sedisapostolicae
413 1814 587 1872 animositate.
608 1811 706 1885 Siqua
727 1816 809 1887 igitur
824 1816 850 1872 in
873 1816 945 1871 lutu-

145 1921 213 1960 rtun
234 1906 414 1963 ecclesiastica
430 1907 603 1967 secularisve
615 1923 744 1981 persona,
764 1910 834 1965 hanc
845 1919 945 1967 nostra

146 1997 356 2053 constitutionis
373 1998 496 2069 pagiuam
519 2000 628 2068 sciens,
649 2010 743 2057 contra
760 2016 821 2057 earn
843 2011 944 2057 temere

144 2101 246 2143 ventre
262 2090 422 2153 tentaterit,
439 2094 559 2147 secundo
580 2093 694 2149 tertiove
708 2094 873 2149 commonita
892 2095 943 2149 uisi

144 2188 255 2235 reatum
270 2193 348 2236 suurn
371 2180 451 2252 digna
477 2182 661 2240 satisfactione
682 2187 851 2252 correxerit,
868 2195 945 2254 pote-

144 2274 228 2328 statis
251 2274 418 2345 honorisque
432 2276 473 2331 sui
492 2286 584 2333 careat
600 2276 750 2347 dignitate,
772 2291 900 2347 reamque
915 2292 944 2332 se

144 2364 243 2421 diuino
262 2364 366 2434 jndicio
384 2370 504 2425 existere
518 2368 551 2425 de
568 2380 725 2441 perpetrata
745 2369 886 2439 iniquitate
898 2384 946 2426 co·

144 2468 270 2529 gnoscat,
286 2468 314 2515 et
328 2474 344 2515 a
360 2462 548 2518 sacratissimo
566 2477 681 2533 corpore
702 2476 735 2516 ae
748 2462 878 2532 sanquine
896 2461 943 2518 tter

143 2562 175 2607 et
199 2552 305 2609 bomini
327 2552 518 2625 Redetnptoris
535 2554 623 2611 nostri
647 2553 712 2610 lesu
734 2552 835 2609 Christi
857 2553 944 2609 aliena

142 2644 192 2698 bat
205 2685 213 2712 ,
228 2656 313 2715 atque
328 2646 356 2700 in
378 2656 502 2703 extremo
516 2647 642 2703 examine
656 2646 788 2703 districta
803 2646 944 2718 suiriaceat

143 2735 255 2791 ultioni.
272 2736 386 2793 Cunctis
406 2746 497 2793 autent
512 2738 601 2794 eidem
618 2739 680 2795 loco
694 2752 743 2793 sua
755 2737 815 2806 iura
834 2753 945 2795 serran-

143 2828 219 2884 tibus
236 2828 272 2883 sit
295 2845 349 2899 pax
371 2830 476 2885 Domini
492 2830 577 2889 nostri
592 2831 655 2887 Jestt
674 2832 795 2899 Christi,
811 2842 945 2902 qnatenus

142 2932 175 2978 et
195 2924 240 2979 hie
264 2922 384 2981 fructum
399 2925 478 2981 honre
501 2924 617 2982 aetionis
633 2926 803 2997 percipiant,
828 2935 856 2981 et
873 2928 943 2997 apud

144 3012 304 3071 districtum
316 3012 437 3084 iudicem
451 3015 560 3086 praemia
577 3025 686 3073 aeternae
703 3018 777 3089 pacis
793 3019 941 3074 inveniant.

141 3104 244 3161 Arnen.

184 3199 281 3256 batum
291 3198 430 3266 Laterani,
443 3216 490 3272 per
500 3217 607 3257 manunt
615 3200 728 3257 ioannis
740 3199 847 3258 Sancta
855 3201 945 3259 ilaris

141 3291 173 3345 in
188 3291 326 3347 Cosmidin
344 3292 449 3346 diaconi
464 3293 611 3348 cardinalis
630 3302 734 3348 sanctae
753 3293 882 3349 llonratne
895 3295 945 3350 lic-

141 3384 239 3440 clesire
256 3383 421 3448 cancellarii,
443 3399 469 3438 rr
485 3384 576 3440 Nonas
592 3383 698 3451 ilnrtii,
719 3383 869 3440 indictione
885 3402 943 3450 snt,

140 3473 349 3529 incarnationis
372 3473 521 3530 liontinicre
549 3489 621 3530 anno
644 3473 789 3529 millesimo
813 3475 945 3530 ducente·

140 3565 222 3620 sitno
249 3579 342 3630 trono,
368 3567 542 3637 pontificatus
570 3583 634 3625 tero
663 3565 765 3622 domini
795 3566 944 3624 innnocentii

140 3673 228 3730 papae
242 3657 274 3713 lll
291 3673 362 3714 enno
378 3659 459 3714 tertio
474 3659 589 3716 decimo.

142 3874 355 3918 neataerseoro
375 3877 551 3928 cruentarat,
570 3877 605 3917 ar
625 3875 835 3918 rnsnuorttsnsr
854 3877 889 3917 ar
908 3877 945 3918 sr-

410 3968 532 4008 nontsnst
552 3967 694 4008 sntscarts.
888 3943 895 3956 '

144 4041 188 4101 Ut
203 4043 325 4100 Ecclesia
349 4044 540 4100 Corinthiensis
558 4045 699 4099 reducatur
714 4044 749 4098 ori
774 4045 853 4099 ritum
871 4041 946 4098 Luti-

496 4131 601 4170 trorum.

348 4209 496 4282 (Laterani,
513 4223 540 4264 rt
554 4209 622 4264 Non.
637 4207 748 4279 Martii.)

187 4301 255 4357 Cum
270 4311 299 4356 et
313 4300 380 4357 alias
396 4315 462 4357 ores
477 4315 544 4370 quas
561 4299 645 4356 babet
661 4300 790 4355 Dominus
804 4314 853 4356 nos
866 4315 945 4372 opor·

998 1807 1181 1865 obedientiam
1199 1812 1318 1868 debitam
1341 1829 1375 1871 ac
1395 1816 1520 1871 uernum
1533 1818 1699 1889 impendant.
1717 1822 1793 1878 blic-

997 1903 1063 1974 qpin
1077 1903 1165 1959 eidem
1179 1906 1283 1960 decano
1294 1915 1453 1976 potestatem
1468 1912 1629 1967 enormitate
1643 1914 1791 1983 apostoliea

997 1995 1164 2061 conferatis,
1191 1997 1290 2052 arnotis
1313 1996 1388 2065 illis,
1409 1999 1566 2057 instituendi
1589 2002 1656 2060 tales
1676 2006 1703 2059 in
1724 2004 1792 2063 locis

997 2086 1117 2156 ipsorum
1133 2087 1180 2158 qni
1197 2087 1249 2144 sibi
1269 2090 1396 2145 studeant
1413 2090 1482 2145 sicut
1502 2094 1623 2148 membra
1638 2095 1720 2166 capiti
1740 2110 1792 2167 per

997 2178 1122 2233 «feroram
1138 2180 1318 2237 obedientiam
1335 2183 1485 2239 conarere.
1503 2182 1743 2256 Contradictores,
1764 2189 1790 2246 si

999 2269 1046 2339 qui
1061 2269 1179 2337 fuerint,
1195 2273 1238 2327 ref
1259 2274 1373 2331 rebelles
1396 2290 1606 2347 percensuram
1625 2278 1791 2335 ecclesiasti-

996 2374 1057 2416 cam
1077 2362 1255 2433 appellatione
1269 2367 1417 2437 postposita
1440 2369 1646 2438 compescendo.
1667 2370 1745 2438 bned
1764 2372 1788 2427 si
1864 2386 1867 2391 ·

996 2467 1050 2510 non
1066 2470 1173 2522 ornnes,
1191 2466 1259 2523 etc,
1274 2456 1327 2514 dno
1342 2467 1520 2527 vestrumea,
1535 2467 1587 2515 etc.

1032 2549 1130 2604 [iatum
1142 2548 1278 2616 Laterani,
1293 2566 1318 2606 tt
1330 2550 1398 2606 Non.
1412 2550 1512 2619 llarth,
1522 2553 1694 2622 pontificatus
1705 2557 1792 2611 nostri

996 2654 1069 2696 anno
1085 2641 1289 2699 tertiodecimo.

1366 2732 1423 2791 Vll.

1245 2840 1369 2882 siracono
1386 2841 1543 2882 manserat.

1198 2914 1237 2969 De
1249 2916 1411 2984 excerptione
1424 2918 1578 2970 morrnsterii

1170 3006 1180 3075 (
1190 3004 1314 3059 Laterani
1330 3046 1339 3073 ,
1361 3022 1392 3061 ιιι
1409 3006 1478 3061 Νοιι.
1494 3005 1616 3076 Martii.)

1047 3097 1085 3170 (6)
1116 3096 1183 3152 Curn
1213 3096 1344 3151 movisses
1377 3096 1441 3151 olim
1474 3096 1604 3153 adversus
1636 3098 1791 3157 liotonense

997 3191 1193 3248 monasterium
1224 3191 1410 3260 quaestionem,
1442 3205 1566 3246 asserens
1595 3195 1789 3250 monasterinm

998 3285 1087 3352 ipsum
1108 3298 1140 3336 ae
1160 3280 1331 3352 parochiales
1351 3281 1480 3336 ecclesias
1495 3280 1554 3348 eius
1569 3285 1601 3336 ad
1623 3284 1697 3338 tede
1716 3300 1792 3340 cotn-

998 3375 1070 3429 tnuni
1084 3372 1148 3444 jure
1172 3383 1314 3443 spectare,
1336 3381 1430 3441 utpote
1445 3373 1471 3428 in
1497 3383 1541 3427 tna
1558 3373 1669 3428 diecesi
1690 3375 1793 3429 consti·

998 3476 1069 3532 tnta,
1093 3467 1121 3520 in
1143 3465 1244 3521 eisdem
1259 3464 1322 3532 jura
1350 3466 1396 3520 tihi
1422 3465 1584 3536 episcopalia
1606 3465 1790 3528 vindicando,

998 3569 1025 3615 ct
1040 3575 1073 3613 cx
1093 3567 1170 3628 parte
1184 3557 1339 3612 monasterii
1355 3557 1492 3612 diceretur
1508 3557 1578 3611 idem
1596 3557 1790 3613 monasterium

997 3666 1059 3707 crnn
1072 3647 1275 3720 parochialibus
1289 3648 1412 3704 ecclesiis
1432 3649 1489 3703 suis
1502 3647 1686 3703 Romanorum
1701 3650 1791 3720 ponti-

996 3743 1076 3795 flcunt
1095 3737 1246 3810 privilegiis
1257 3738 1292 3793 ab
1307 3737 1418 3807 antiqno
1437 3735 1563 3792 libertate
1576 3744 1724 3804 donatum,
1741 3751 1789 3792 su-

996 3847 1045 3904 per
1056 3831 1152 3889 eadcrn
1166 3845 1247 3888 causa
1265 3828 1423 3900 frequenter
1440 3829 1549 3885 fuerunt
1567 3831 1665 3886 tinere
1683 3842 1791 3901 aposto-

995 3923 1055 3980 tica
1079 3923 1240 3994 impetrata.
1266 3921 1389 3992 lienique
1417 3931 1506 3976 antem
1534 3931 1649 3993 utraque
1675 3939 1738 3991 pars
1762 3924 1789 3977 in

996 4014 1169 4070 reiterabiies
1180 4011 1280 4067 fratres
1293 4021 1401 4067 nostros
1411 4011 1610 4067 Nannetensem
1625 4019 1652 4066 et
1663 4010 1791 4069 Briocen·

995 4120 1054 4162 sem
1068 4105 1212 4177 episcopos
1231 4103 1283 4158 sub
1297 4111 1372 4158 certa
1393 4115 1473 4173 poena
1489 4111 1516 4155 er
1533 4099 1688 4170 juramento
1703 4103 1790 4160 intor-

995 4198 1086 4268 posito
1099 4195 1286 4266 compromisit
1301 4209 1309 4248 τ
1324 4194 1371 4267 qui
1387 4195 1541 4251 rationibus
1555 4196 1791 4268 utriusquepartis
1809 4185 1815 4197 “

996 4287 1106 4352 auditis,
1117 4296 1145 4342 et
1160 4284 1320 4341 monasterii
1331 4284 1480 4356 pritileqiis
1491 4285 1636 4356 diligenter
1650 4287 1789 4358 inspectis,

145 4402 209 4451 teat
226 4395 253 4449 in
267 4393 329 4448 otili
350 4393 428 4450 nohis
442 4393 588 4449 cornutisso
603 4393 660 4448 stris
675 4392 770 4448 oribus
785 4408 944 4464 aggregare,
960 4395 983 4450 b
997 4383 1032 4436 ⁶0
1045 4378 1159 4435 ⁰⁰¹¹Sffi⁰
1172 4377 1321 4449 Wiffifflffl
1334 4376 1400 4432 “¹¹¹⁶
1412 4377 1439 4432 5¹¹
1450 4376 1539 4447 ‘'²9⁵¹‘’
1553 4377 1667 4432 “belum
1680 4388 1791 4433 Simili·

144 4487 186 4542 de
194 4500 266 4541 cura
284 4485 487 4541 Corinthiorum
513 4483 721 4540 sollicitudinem
736 4485 813 4539 decet
830 4499 879 4540 nos
899 4499 946 4554 qe·
998 4471 1293 4528 lieiileldeffliffflm·
1305 4467 1406 4525 Velim
1417 4468 1479 4539 (liii
1490 4468 1611 4524 iicleilae
1622 4471 1791 4538 bilichiiiel

145 4591 214 4633 rere
226 4577 402 4648 pastoralem,
416 4585 447 4632 ut
459 4593 520 4632 cum
533 4591 628 4634 eornm
642 4576 739 4631 civitas
750 4576 783 4630 ad
796 4575 944 4631 dominium
998 4569 1085 4640 ipsius
1100 4576 1233 4637 exemptae
1244 4565 1401 4621 nullatenus
1422 4563 1618 4634 probabantur,
1632 4563 1790 4634 pronuntia-

145 4668 312 4724 Latinormu
327 4668 455 4724 credatur
472 4669 498 4723 in
511 4668 635 4738 prosirno
651 4677 815 4737 perventura
836 4667 877 4722 sel
889 4667 944 4739 jam

145 4761 269 4816 forsitan
288 4761 456 4830 pervenisse,
473 4775 538 4816 oves
552 4759 657 4814 bomini
668 4767 805 4829 quaesunt
816 4757 870 4824 ibi,
886 4767 947 4828 post

146 4865 250 4923 gretes
274 4852 406 4908 sodalium
427 4867 481 4908 non
502 4859 644 4921 vagentur,
668 4851 714 4906 sed
738 4852 771 4905 nd
797 4866 880 4906 unum
904 4864 948 4906 re·

147 4947 268 5001 deuntes
292 4953 447 5017 pastorem,
472 4953 501 5001 et
526 4953 690 5016 cognoscant
711 4959 772 5001 eum
799 4945 946 5000 secundum

147 5039 339 5110 evangelicam
360 5041 517 5105 veritatem,
543 5049 570 5096 et
592 5046 794 5108 cognoscantur
818 5036 852 5093 ab
877 5039 945 5109 ipso.

146 5132 288 5200 Quocirca
310 5131 473 5189 fraternitati
494 5143 592 5188 restra
609 5147 657 5203 per
677 5129 824 5201 apostolica
845 5131 946 5200 scripta

150 5224 338 5297 precipiendo
348 5227 510 5282 mandamns
525 5223 688 5296 quetettnssi
701 5223 837 5280 ciuitatem
848 5221 946 5290 ipsam,

151 5319 228 5372 seint
240 5334 274 5374 cx
286 5318 380 5374 relatis
395 5319 548 5374 rumoribus
559 5331 634 5387 spem
649 5314 832 5384 concepimus,
847 5311 948 5366 dilecto

153 5411 210 5465 ftlio
222 5410 305 5464 nobih
320 5410 380 5464 tiro
392 5419 425 5465 ῦ.
439 5407 579 5465 Rornaniae
596 5405 774 5464 seneschalco
790 5402 904 5458 reddere
918 5415 948 5456 se

153 5502 297 5572 contingat
314 5508 362 5554 aut
380 5499 438 5568 iarn
459 5497 577 5554 reddidit
591 5497 781 5568 semetipsam,
805 5501 834 5548 et
850 5490 948 5562 aliquis
971 5549 975 5552 ,

998 4670 1097 4715 terunt
1117 4660 1223 4714 casdem
1245 4659 1279 4711 ati
1297 4655 1513 4726 iurisdictionem
1539 4663 1612 4710 tuam
1632 4655 1703 4709 sicut
1719 4654 1788 4710 elias

999 4761 1052 4804 tua.
1067 4748 1195 4805 tlioecesis
1216 4746 1349 4804 ecclesias
1368 4746 1522 4816 pertinere,
1537 4742 1721 4815 ¹nihilominus
1735 4755 1792 4800 sta·

1000 4851 1106 4898 tuetrtes
1131 4849 1160 4895 ut
1183 4847 1299 4908 quatuor
1321 4836 1529 4906 procurationes
1550 4837 1682 4892 duntaxat
1704 4835 1750 4891 tihi
1774 4849 1790 4889 a

999 4949 1047 4989 set
1059 4932 1182 4988 ecclesiis
1194 4930 1352 4987 monasterii
1366 4937 1566 4997 praefarentur,
1581 4941 1695 4997 quarum
1707 4941 1789 4981 unarn

999 5029 1154 5100 perciperes
1174 5028 1200 5082 in
1219 5023 1367 5094 parochiali
1390 5023 1504 5079 ecclesia
1520 5023 1554 5078 do
1577 5021 1684 5090 lioton,
1707 5021 1788 5076 allant

1000 5121 1027 5176 in
1041 5117 1156 5174 ecelesia
1172 5118 1205 5172 de
1219 5115 1319 5172 Sancto
1336 5114 1468 5179 Godoalo,
1484 5113 1564 5167 aliam
1584 5112 1611 5168 in
1628 5113 1741 5170 eeclesia
1758 5116 1790 5166 de

1001 5210 1085 5276 linai,
1099 5223 1131 5264 ec
1148 5207 1229 5262 aliam
1245 5206 1272 5260 in
1286 5206 1402 5262 ccclesia
1424 5207 1458 5260 de
1470 5203 1602 5274 Langon3
1618 5205 1654 5260 ita
1666 5204 1792 5261 videlicet

1000 5301 1072 5371 quod
1096 5301 1181 5354 abhas
1204 5306 1233 5352 et
1257 5296 1361 5366 priores
1386 5293 1563 5350 ecclesiarum
1588 5295 1707 5364 ipsarum
1736 5305 1791 5349 tres

1002 5402 1103 5462 partes,
1119 5397 1147 5444 et
1160 5385 1292 5457 capellani
1308 5392 1432 5454 quartam
1453 5393 1559 5452 partera
1577 5384 1605 5438 in
1625 5384 1792 5454 procuratio-

1002 5484 1082 5542 nibus
1098 5480 1164 5552 ipsis
1174 5487 1287 5550 ponant,
1301 5485 1329 5532 et
1341 5490 1356 5530 a
1370 5474 1474 5531 duabus
1486 5473 1629 5542 ecclesiis,
1641 5473 1745 5531 scilicet
1757 5473 1792 5530 de

191 5679 230 5752 ι6)
251 5679 318 5736 lide
337 5694 397 5748 cap.
414 5677 479 5733 Corn
493 5678 628 5741 ualerent,
648 5675 686 5732 lie
702 5674 730 5731 iu
745 5671 845 5742 integr.
862 5668 961 5733 restit„
972 5674 999 5722 ct
1013 5665 1135 5735 quintam
1150 5657 1288 5729 compilat.
1303 5655 1350 5714 lib.
1366 5670 1394 5723 r,
1411 5655 1454 5712 tit.
1468 5653 1513 5723 li,
1528 5667 1553 5709 c.
1568 5650 1598 5709 l.

299 5775 437 5837 Pastor.
464 5765 596 5829 CCXl'l·

1595 5744 1618 5805 ‘1
