4109 6325
147 280 156 300 ι
245 248 300 307 tts
685 252 882 343 innocentii
900 259 934 317 lli
954 260 1006 317 PP.
1027 263 1267 328 REGESTORUH
1284 269 1350 335 [alii.
1370 270 1439 332 Xlll.
1831 278 1886 341 Μ

249 361 362 433 sepeliri
391 360 612 430 deliberaverint,
637 367 689 422 nisi
708 367 779 427 lurte
807 374 1038 431 excommunicati
1053 382 1077 437 Α
1092 378 1177 448 ipsius
1190 397 1289 452 genere
1301 386 1606 455 paternatqctritatem
1623 397 1731 448 teneret
1744 394 1883 462 eamdem

247 454 291 509 sol
306 456 444 512 interdicti
457 457 520 520 siut,
536 456 625 523 utullus
635 458 762 525 obsistat.
774 464 848 521 salua
861 466 1041 538 tamenjusti-
1092 470 1130 527 ita
1145 474 1218 543 quod
1242 474 1268 530 si
1290 474 1379 545 major
1403 477 1557 546 decederet,
1570 480 1614 537 vel
1629 481 1738 539 cederet
1749 482 1806 553 juri
1820 502 1884 555 suo,

249 548 285 603 tia
303 548 408 605 illarum
424 548 602 605 ecelesiarum
628 566 642 605 a
663 552 763 623 quibus
781 568 949 615 mortuorum
976 575 1039 616 cnr·
1091 563 1137 631 qui
1151 574 1213 635 post
1224 581 1286 623 eunt
1300 568 1334 623 de
1351 575 1408 625 toto
1420 584 1520 641 genere
1534 570 1621 640 major·
1641 583 1723 642 esset,
1737 576 1823 646 ipsius
1843 580 1887 636 ci-

246 654 313 710 pora
337 650 522 697 assumuntur.
537 639 664 709 ¹ilbctnue
683 660 751 702 vero
778 656 804 703 te
827 665 898 707 nunc
919 650 1038 721 ejusdem
1092 656 1184 713 vitatis
1197 661 1398 728 possessionem
1410 664 1536 721 intraret.
1554 664 1613 723 iloe
1627 676 1719 723 autem
1742 674 1884 743 perpetuis

247 734 298 789 loci
315 730 412 789 abbate
423 732 464 788 vel
476 742 584 789 tuorum
601 736 933 809 quolibetsuccessoruru,
950 743 1041 803 nullus
1092 749 1259 817 temporibus
1271 750 1410 807 observari
1421 756 1591 828 praecipiens,
1608 761 1760 827 persedem
1771 744 1883 833 aposto-

248 826 282 879 ibi
298 824 421 895 qualibet
432 826 617 898 subreptionis
640 829 740 886 astutia
762 847 809 888 seu
826 834 955 891 violentia
971 852 1040 907 prre·
1091 836 1171 893 licam
1185 838 1303 897 obtinuit
1315 844 1574 911 approbariomnes
1585 848 1646 903 illos
1659 847 1764 907 iaciens
1774 868 1885 910 excom·

247 925 365 985 ponatur
390 916 442 973 uisi
471 932 552 988 quem
569 918 671 978 iratres
687 925 825 980 corrunuui
840 940 975 982 curtsensu
998 927 1040 985 vel
1091 930 1278 987 ururricatione
1297 935 1408 1002 percelli
1434 936 1481 1006 qui
1499 947 1629 997 statutum
1654 942 1810 1014 hujusmodi
1835 962 1885 1001 an-

247 1006 361 1063 lratrnm
373 1022 437 1078 pars
449 1008 537 1081 major
549 1013 656 1074 corusilii
671 1016 790 1072 sanioris
798 1020 947 1075 secundum
955 1018 1039 1078 ileum
1091 1021 1218 1078 ctoritate
1229 1025 1376 1095 apostolica
1394 1027 1551 1086 roboratum
1561 1044 1760 1103 praesumerent
1769 1035 1882 1092 violare.

245 1103 273 1152 ct
290 1097 363 1155 beati
378 1098 519 1157 Benedicti
542 1102 673 1175 Regulam
691 1106 860 1176 providerint
872 1108 1038 1181 eligendum.
1093 1108 1169 1167 llnde
1193 1112 1271 1169 nobis
1286 1114 1426 1171 bumiliter
1443 1119 1604 1189 supplicavit
1628 1129 1658 1176 ut
1685 1125 1788 1179 nostris
1806 1126 1884 1183 vobis

246 1188 310 1245 l‘aoi
321 1207 430 1263 quoquc
442 1204 469 1249 et
481 1196 673 1266 tranquillitati
684 1198 903 1271 uestraepatc'rna
914 1203 1041 1273 inposte-
1090 1198 1218 1256 daremus
1233 1202 1332 1259 litteris
1343 1205 1370 1260 in
1386 1207 1524 1263 mandatis
1539 1211 1611 1279 quud
1635 1226 1685 1267 nee
1700 1226 1749 1269 vos
1764 1214 1813 1283 ipsi
1826 1224 1885 1269 sta·

247 1296 305 1335 rum
332 1282 516 1341 sollicitudine
545 1286 689 1357 providere
719 1288 856 1355 volentes.
876 1292 1040 1347 alletoritate
1091 1300 1180 1349 tartum
1205 1296 1345 1352 violaretis
1364 1297 1600 1368 lmjusmodi,nec
1627 1303 1826 1371 perrrritterctis
1847 1306 1884 1369 ab

167 1377 173 1391 ‘
210 1450 218 1459 .
246 1378 397 1451 apostolica
421 1376 578 1434 inhibemus
603 1387 634 1434 ut
655 1378 727 1435 inira
754 1380 894 1439 clausuras
918 1382 1038 1439 locorum
1091 1384 1153 1463 aliis
1180 1385 1286 1453 violari,
1306 1388 1368 1443 illus
1394 1390 1439 1458 qui
1465 1391 1655 1447 corttravcuire
1685 1408 1885 1463 meurtnerent

175 1516 178 1531 .
246 1488 295 1529 acu
314 1471 489 1543 grangiarum
509 1470 768 1529 vestrarum-nullus
779 1475 902 1545 rapinam
918 1489 965 1533 seu
979 1474 1038 1530 iur·
1090 1478 1273 1533 anathematis
1291 1479 1426 1547 sententia
1440 1478 1579 1535 lerientes.
1599 1479 1734 1550 Quocirca
1752 1482 1887 1539 fraterni-

247 1576 303 1620 tnm
325 1564 427 1629 lacere¹
446 1564 537 1634 iguem
563 1580 719 1634 apponere,
735 1568 894 1639 sangrdnem
914 1567 1038 1633 lundene,
1092 1568 1139 1623 tati
1159 1572 1257 1622 vestrae
1275 1583 1324 1638 per
1348 1569 1497 1639 apostolica
1520 1569 1623 1640 scripta
1639 1573 1800 1629 mandamus
1815 1589 1885 1644 qna-⁴

247 1655 384 1712 bominem
403 1664 505 1712 temere
519 1669 617 1727 capere
630 1656 672 1713 vel
687 1658 852 1725 interlicere,
871 1674 918 1717 seu
933 1659 1037 1716 violeu-
1092 1670 1171 1717 tenus
1188 1660 1386 1718 institutionem
1409 1662 1443 1717 de
1471 1663 1638 1732 innodetis.
1661 1666 1887 1735 praeeminentia„

247 1750 313 1803 tiana
328 1748 427 1804 audeat
445 1762 584 1803 exercere.
600 1746 754 1805 libertates
774 1760 924 1821 quoquest
941 1752 1039 1809 inaruit·
1053 1719 1076 1775 B
1090 1754 1162 1811 sicui
1184 1754 1219 1809 ad
1241 1753 1385 1809 utilitatem
1401 1761 1429 1809 et
1446 1769 1543 1824 pacem
1567 1756 1652 1811 totius
1671 1757 1819 1828 provinciae
1840 1758 1884 1813 di-

247 1842 347 1897 uitales
360 1842 488 1912 antiquas
510 1848 537 1895 et
556 1840 732 1899 rationabiles
747 1844 957 1901 ctrrrsuetudiucs
981 1859 1039 1900 rno-
1091 1846 1231 1915 gnusoitur
1251 1860 1312 1901 esse
1336 1846 1419 1911 tacta,
1440 1845 1550 1901 iacietis
1571 1861 1780 1918 percensuram
1795 1848 1884 1905 eccle·

247 1934 367 1991 naslerio
394 1940 487 1991 vestro
502 1940 651 1989 concessas·
667 1944 694 1989 et
709 1934 842 1991 hacteuus
867 1937 1038 2002 observatas,
1090 1938 1229 1997 siasticaua
1249 1938 1357 1994 sublato
1382 1939 1572 2009 appellationis
1598 1939 1743 1996 obstaculo
1768 1941 1884 1997 firmiter

247 2034 320 2083 ratas
335 2024 727 2097 aeternus,eteasperpuuts
742 2028 1040 2098 tenporibusitnnaus
1091 2033 1250 2101 observari,
1278 2031 1494 2089 continentiores
1519 2046 1637 2089 cueura
1662 2033 1746 2089 strunt
1772 2048 1884 2102 corrupe-

246 2135 407 2193 pcrmanere
418 2123 566 2177 sancimus.
585 2120 762 2179 lleeeruimus
777 2138 844 2194 crgo
857 2132 887 2179 ut
904 2124 969 2179 nulli
980 2138 1040 2180 om·
1090 2137 1207 2185 caerites.

245 2214 310 2283 grino
322 2213 462 2269 bominum
478 2212 559 2269 liceat
574 2212 718 2285 praelatum
733 2214 1040 2271 monasteriumtemero
1127 2220 1222 2275 batmn
1240 2217 1484 2287 lateranensibus
1506 2214 1593 2282 lanii,
1607 2213 1782 2289 pontificatus
1797 2211 1889 2281 trttstri⁸

245 2306 416 2378 perturbare,
433 2316 478 2363 ant
493 2303 553 2375 ejus
566 2306 756 2376 possessiones
769 2309 891 2375 auicrre,
905 2307 946 2363 vel
964 2307 1040 2363 abia·
1090 2329 1164 2370 enqo
1178 2312 1257 2369 terrio
1269 2311 1386 2367 rteeiano.

248 2408 289 2455 tas
305 2399 436 2465 retinere,
453 2397 589 2464 minuere,
605 2414 654 2456 seu
670 2398 835 2469 quibuslibet
850 2400 1040 2457 vexationibus
1418 2400 1560 2461 lxxtttlb

245 2490 378 2567 latigare;
391 2490 538 2549 scdumnia
551 2486 654 2563 integra
666 2502 977 2559 conserv·errtur‚eorunt
988 2507 1040 2563 pro
1231 2508 1382 2549 nannenten
1402 2508 1524 2549 retusam
1543 2505 1605 2547 uest
1625 2504 1741 2549 stererat.

246 2602 362 2657 quornm
374 2586 571 2657 gubernatione
583 2599 615 2644 ac
627 2584 826 2640 sustentatione
838 2593 1040 2643 concessasuut
1167 2584 1190 2641 il
1194 2596 1203 2639 t
1219 2584 1334 2641 Centau.
1349 2585 1500 2655 episcopum
1513 2582 1621 2654 recipiat
1640 2584 1668 2636 in
1679 2582 1804 2653 gretiam.

247 2678 341 2735 usibus
354 2678 520 2733 enauit-nodis
533 2676 686 2749 protutura,
701 2680 777 2735 salva
793 2677 865 2735 sedis
880 2677 1040 2748 apostolicae
1300 2674 1452 2748 (Laterani,
1469 2692 1506 2731 vn
1518 2674 1580 2731 lial.
1598 2673 1687 2745 tetii.)

247 2769 412 2825 auctoritate
430 2779 458 2825 eu
479 2768 626 2825 diecesani
640 2769 759 2841 episcopi
774 2770 906 2826 canonica
920 2767 1038 2837 justitia.
1126 2766 1193 2825 Cum
1221 2765 1277 2837 janu
1300 2780 1386 2822 annos
1411 2765 1530 2837 pueriles
1553 2764 1684 2827 eraseris,
1696 2762 1774 2818 decet
1793 2771 1829 2825 tc,
1844 2758 1888 2819 sali

248 2862 277 2915 Si
294 2876 347 2931 qua
362 2861 446 2931 igitur
466 2861 493 2916 in
521 2859 643 2917 loturum
658 2860 844 2917 ecclesiastica
867 2860 1039 2918 secularisve
1090 2862 1266 2927 charissime,
1279 2870 1357 2917 actus
1378 2860 1505 2917 descrere
1519 2860 1650 2931 pueriles,
1666 2870 1694 2917 et
1716 2868 1819 2931 quanto
1833 2858 1886 2913 tibi

247 2966 377 3021 persona,
391 2952 462 3009 bauo
475 2960 576 3008 nostre
591 2952 792 3009 constitutionis
802 2954 926 3024 pagiuam
938 2953 1038 3019 sciens,
1090 2960 1120 3007 et
1133 2967 1216 3023 regnu
1230 2960 1277 3008 tuo
1290 2952 1395 3023 maiora
1412 2952 1534 3021 pericula
1558 2951 1714 3018 imminent,
1727 2959 1802 3006 tanto
1824 2959 1886 3005 stu-

247 3053 344 3097 rontra
356 3058 417 3097 eam
431 3054 536 3098 semem
553 3044 648 3102 venire
671 3044 828 3112 tentaverit,
843 3043 962 3099 secrutdo
984 3052 1074 3125 ter-c
1090 3044 1194 3103 diosius
1220 3042 1305 3099 debes
1331 3042 1474 3097 intendere
1501 3042 1535 3097 ad
1558 3041 1604 3097 illa
1618 3039 1729 3097 lortiter
1741 3039 1883 3096 evitanda.

247 3132 319 3190 tiove
334 3132 515 3202 curatruonita,¹
524 3131 575 3188 nisi
588 3142 693 3191 reatum
708 3146 787 3190 suum
799 3147 918 3204 congrua
931 3131 1041 3190 satisla-
1092 3135 1209 3194 Corasilia
1221 3148 1330 3208 quoque
1346 3134 1528 3192 discretorum
1540 3143 1569 3192 et
1581 3142 1608 3191 te
1618 3133 1788 3206 diligentium
1798 3132 1885 3190 debes

247 3225 338 3280 ctione
348 3225 509 3291 correxerit,
519 3223 662 3296 potestatis
674 3223 840 3296 horrorisque
852 3224 894 3279 sui
909 3223 1058 3294 dignitate·
1092 3227 1238 3300 diligenter
1255 3225 1394 3297 amplecti,
1410 3234 1438 3282 et
1451 3225 1525 3281 inter
1537 3225 1658 3296 ingratos
1671 3239 1705 3279 ac
1720 3223 1789 3279 bene
1802 3231 1883 3280 notos

247 3326 349 3382 careat,
363 3331 493 3386 reamque
515 3331 545 3372 se
568 3317 659 3373 divino
671 3315 775 3387 jndicio
798 3319 916 3371 existere
929 3317 963 3373 de
979 3331 1039 3388 per·
1090 3319 1246 3377 discernere
1260 3327 1287 3374 te
1298 3325 1415 3388 oportet,
1433 3331 1469 3373 nc
1487 3319 1577 3373 minus
1592 3315 1738 3387 diligentes
1758 3314 1819 3386 pius
1841 3315 1885 3370 di·

246 3418 352 3478 petrata
364 3408 511 3478 iniquitate
530 3417 690 3480 cognoscat,
704 3416 760 3463 cta
776 3407 964 3464 sacratissimo
978 3423 1040 3464 cor·
1090 3411 1169 3482 ligas.
1184 3420 1212 3468 et
1228 3411 1274 3482 qui
1293 3421 1321 3469 te
1338 3409 1490 3467 lerrentius
1501 3409 1627 3480 diligunt,
1643 3408 1705 3464 illos
1718 3407 1885 3465 remissioris

245 3514 313 3570 pore
328 3513 361 3558 ac
376 3501 509 3569 sanguine
525 3498 572 3554 liei
588 3509 616 3554 et
633 3498 738 3564 botniui
751 3498 943 3570 liedemptoris
954 3499 1038 3556 nostri
1090 3503 1236 3560 charitatis
1259 3502 1381 3560 brachiis
1398 3502 1573 3574 amplexeris.
1586 3499 1654 3556 Cum
1677 3501 1750 3555 enim
1767 3513 1885 3555 venera-

154 3637 157 3644 .
244 3587 309 3646 iesu
328 3591 432 3650 illinisti
459 3590 548 3646 aliena
567 3591 625 3658 irat,
641 3600 724 3664 atque
740 3592 765 3646 in
779 3603 902 3653 extremo
914 3591 1040 3655 cumniuu
1092 3593 1153 3649 bilis
1180 3591 1268 3648 irater
1290 3601 1383 3648 niuster
1411 3588 1602 3653 cathaniensis
1626 3589 1783 3660 episcopus,
1804 3587 1882 3658 regni

245 3683 376 3740 districte
403 3681 544 3752 subjaccat
570 3683 678 3738 ultioni.
706 3682 818 3739 Curretis
843 3693 933 3738 autem
949 3683 1039 3737 eidem
1090 3683 1191 3741 Siciliae
1207 3683 1404 3754 caracellarius²
1416 3693 1443 3740 tc
1456 3681 1617 3738 custodierit
1638 3682 1770 3736 hactenus
1787 3687 1815 3735 et
1832 3693 1884 3734 uu·

245 3775 306 3836 locu
319 3789 369 3830 sua
381 3772 444 3844 jura
455 3773 629 3830 servantibus
643 3774 678 3830 sit
689 3789 739 3846 pax
756 3775 863 3830 llorniui
875 3775 961 3829 nostri
974 3771 1038 3828 iesu
1090 3778 1189 3843 trieris,
1204 3790 1237 3833 ae
1249 3791 1299 3848 pro
1310 3775 1470 3832 defensione
1485 3783 1530 3829 tua
1545 3783 1574 3830 et
1587 3773 1663 3844 regni
1679 3771 1718 3827 tui
1728 3770 1837 3826 labores
1853 3779 1883 3823 et

245 3867 360 3930 Clu-isti,
375 3877 511 3938 quatenus
522 3876 550 3922 ct
560 3866 606 3922 bic
620 3866 739 3923 linctum
756 3869 833 3924 boue
846 3867 963 3925 actionis
978 3883 1040 3938 per·
1090 3883 1219 3940 angores,
1228 3867 1383 3924 anxietates
1392 3875 1421 3922 et
1431 3865 1612 3922 necessitates
1622 3862 1784 3934 multiplices
1796 3862 1883 3916 susti·

247 3961 361 4032 cipiaru.
373 3971 400 4016 et
413 3960 483 4030 apud
500 3961 655 4018 districtum
665 3959 784 4032 iudicem
801 3961 917 4030 premia
928 3970 1038 4016 eternae
1090 3966 1192 4031 aruerit,
1205 3977 1288 4029 nunc,
1302 3960 1326 4018 ei
1338 3973 1432 4016 verum
1451 3959 1575 4036 estquod
1590 3957 1733 4025 asseritur,
1746 3965 1786 4012 tot
1800 3956 1883 4010 bene·

247 4053 323 4125 pacis
335 4053 487 4109 inveniant.
504 4052 603 4108 Amen.
1090 4054 1335 4120 ttetorunotnnus,
1353 4065 1428 4108 ama
1444 4053 1533 4124 ipsura
1554 4050 1742 4109 inmitiaritate
1753 4047 1883 4104 recedere

283 4141 516 4200 DatumLaterani
527 4157 694 4215 permauum
704 4139 818 4200 loannis
831 4139 1039 4202 Sanctaellmiae
1089 4145 1235 4226 persensisti
1250 4146 1278 4202 in
1290 4143 1449 4202 scandalum
1465 4151 1494 4199 et
1514 4141 1608 4198 odium
1622 4142 1726 4212 pariter
1750 4140 1885 4212 plurimo-

248 4237 275 4292 in
288 4236 427 4292 Cusmidiu
442 4235 549 4293 diaconi
564 4235 725 4302 cardinalis,
738 4234 768 4292 S.
781 4234 814 4290 li.
827 4235 860 4292 li.
872 4235 1038 4301 caracellarii,
1091 4255 1161 4298 rnna.
1177 4228 1293 4310 Propter
1304 4237 1376 4307 quod
1390 4236 1435 4295 aiii
1455 4235 1529 4308 regni
1543 4235 1660 4302 nubiles,
1672 4235 1737 4288 dum
1753 4229 1882 4288 eumdem

248 4326 366 4384 ttatend.
382 4325 466 4388 dutrii,
484 4327 632 4386 indictione
656 4341 716 4394 surr,
735 4325 933 4384 incarnationis
948 4326 1039 4382 Dorrui-
1091 4331 1184 4388 irruitis
1196 4329 1302 4384 meritis
1315 4327 1459 4397 praeditum
1473 4327 1564 4390 debita
1579 4325 1766 4382 intellexerint
1789 4336 1883 4379 remat-

250 4421 319 4476 uicae
333 4433 404 4476 aarum
420 4417 564 4476 millesimo
588 4419 774 4476 ducentesimo
792 4419 910 4488 decimo,
927 4421 1037 4490 pontill-
1054 4403 1080 4465 Β
1091 4422 1235 4480 uenatione
1259 4418 1427 4483 fraudatum,
1446 4416 1474 4470 in
1496 4424 1540 4471 tna
1561 4414 1692 4472 fidelitate
1718 4413 1883 4476 lentescent.

248 4525 327 4574 catus
341 4529 408 4574 vero
426 4515 528 4572 demini
542 4513 693 4571 lrrnuaentii
709 4528 786 4587 papae
802 4514 834 4573 lll
861 4528 933 4572 anno
955 4515 1038 4570 tenio
1088 4514 1250 4574 etnonnulli
1265 4529 1326 4573 sea
1340 4513 1395 4568 tuis
1418 4509 1558 4581 obsequiis
1586 4509 1759 4576 subtrabens,
1773 4508 1820 4578 qui
1846 4509 1883 4562 sd

247 4607 362 4664 decimu.
1088 4625 1120 4669 ea
1136 4609 1269 4679 exipsius
1282 4614 1411 4679 poterant
1425 4604 1655 4662 retributionibus
1666 4601 1821 4673 provocari.
1839 4599 1883 4658 lia

571 4695 707 4754 blllllill.
1087 4701 1133 4756 bis
1144 4700 1220 4756 enim
1237 4713 1300 4769 que
1314 4706 1377 4768 post
1390 4695 1451 4768 ejus
1465 4703 1529 4752 sum
1542 4702 1636 4752 scema
1647 4708 1800 4760 recessum,
1812 4691 1883 4749 satis

246 4803 391 4848 sueznuasr
410 4805 616 4848 ascnrnrrscoeo
634 4805 670 4849 er
690 4806 826 4850 uorvsasrs
844 4807 1039 4850 suernasmsrs
1088 4800 1202 4863 apparet
1214 4799 1306 4846 utrum
1320 4787 1381 4859 eius
1396 4787 1542 4860 presentia
1554 4787 1604 4844 tibi
1623 4786 1881 4857 lueritopportuua‚

609 4898 678 4941 erus.
1091 4895 1119 4940 ct
1134 4883 1187 4940 nisi
1198 4881 1363 4954 quantocius
1373 4889 1528 4948 revocetur,
1549 4887 1678 4938 secutura
1694 4877 1839 4949 dispendia
1854 4886 1883 4934 te

334 4975 374 5032 Dc
385 4985 484 5032 statute
496 4977 610 5048 quodem
627 4976 723 5046 sectae
737 4977 803 5032 duce
818 4975 946 5034 bolonie.
1090 4976 1198 5046 plenius
1221 4973 1384 5031 edocebunt.
1412 4972 1465 5030 ilbi
1491 4986 1611 5043 nauaque
1635 4981 1700 5028 sunt
1714 4970 1753 5026 iili
1768 4969 1818 5042 qui
1830 4968 1883 5024 tibi

460 5069 612 5142 (Laterani,
628 5086 643 5124 v
657 5069 718 5130 idos
728 5069 823 5140 iunii.)
1089 5067 1259 5125 rraendaciter
1265 5066 1447 5138 suggerebant
1457 5063 1530 5135 quod
1544 5063 1591 5120 illo
1603 5062 1713 5135 repulso
1724 5061 1803 5117 multi
1814 5075 1883 5116 con·
1941 5089 1945 5094 ·

281 5157 517 5230 (biisignidcavit
529 5162 609 5216 nobis
620 5159 814 5217 dilectusdlius
825 5161 1038 5220 nobilisuiudux
1089 5167 1264 5233 verterentur
1275 5158 1309 5216 ad
1322 5157 1404 5236 toqui
1419 5164 1532 5228 propter
1547 5155 1714 5212 tarnttiaren
1732 5152 1792 5222 ejus
1807 5165 1882 5224 prae·

250 5251 341 5314 itesie
356 5255 427 5324 quod
444 5271 504 5310 cum
520 5255 684 5328 (boleslaus)
697 5256 833 5326 quondam
851 5256 905 5312 dua
918 5254 1037 5320 Poloniae
1089 5251 1206 5314 sentiant
1216 5266 1234 5309 s
1245 5249 1299 5308 tuis
1312 5265 1344 5307 se
1357 5248 1499 5321 obsequiis
1510 5247 1725 5307 subtrahebant
1736 5245 1813 5304 llnde
1827 5243 1883 5314 uisi

181 5377 187 5386 ·
249 5353 352 5416 sertam
372 5345 478 5400 dederit
490 5346 604 5416 singulis
622 5345 739 5404 liliorum
755 5362 866 5404 suorum
882 5348 909 5404 iu
923 5347 1035 5406 Polnnia
1086 5343 1150 5412 ,baec
1162 5351 1191 5400 et
1201 5343 1253 5400 alia
1266 5357 1328 5412 que
1341 5341 1374 5399 de
1389 5349 1416 5398 te
1430 5357 1485 5398 uon
1500 5341 1604 5412 absqm
1618 5339 1883 5410 dolorelrequeutes

246 5433 408 5501 pertinuere,
433 5435 610 5507 principalem
633 5437 770 5494 civitatem
785 5437 925 5494 (bacone
939 5437 1036 5506 ratariori
1090 5437 1218 5494 audimus
1226 5435 1355 5493 celeriter
1373 5434 1526 5492 reformare
1537 5434 1687 5499 studueris.
1706 5433 1882 5504 temetipsam

220 5556 226 5567 ·
248 5535 311 5584 natu
333 5542 475 5585 reservans
500 5528 619 5584 instituit
645 5540 676 5583 ut
702 5543 809 5600 semper
835 5531 881 5602 qni
903 5539 976 5588 esset
1002 5532 1036 5588 do
1092 5528 1273 5586 acuberiuris
1286 5526 1374 5600 irugis
1385 5527 1548 5586 exercitium
1564 5527 1707 5601 urgendo,
1720 5541 1776 5587 nou
1790 5523 1889 5593 cotun

244 5775 248 5783 .
283 5701 339 5773 (57)
354 5702 422 5786 lide
433 5704 603 5779 lllugossum,
618 5706 664 5766 lib.
682 5723 707 5764 ιι·
725 5705 795 5766 llist.
812 5707 956 5778 lalunicae,
971 5723 1034 5784 pag.
1050 5708 1115 5780 tto,
1130 5718 1157 5768 ct
1168 5708 1214 5767 lib.
1231 5725 1270 5778 vt,
1281 5723 1345 5787 pag.
1360 5707 1424 5767 titt.

2043 291 2047 504 l

2050 2289 2052 2328 l

2050 2337 2051 2378 l
