4109 6325
211 302 263 361 sta

654 307 852 367 innocenii!
872 309 904 367 ill
925 308 976 366 t‘i.
998 308 1236 367 decesseritis
1257 310 1321 369 tin.
1340 310 1410 367 Elii.

214 426 335 491 ruoveai,
349 425 413 480 dum
436 422 541 495 pastori
552 422 587 479 ob
612 422 719 491 ovibus,
742 426 904 491 usagistrna
927 423 1007 479 disei-
1024 428 1047 485 Α
1063 423 1210 494 insignibus
1236 439 1307 495 parte
1330 421 1513 480 tribulationis
1536 431 1564 479 et
1590 436 1660 495 aqna
1694 424 1796 485 doloris
1818 432 1854 487 sd

213 511 340 583 bilimer
363 518 461 588 patria
492 515 556 571 aliis
581 515 679 571 mortis
702 516 840 588 dispendia
862 532 1009 587 procuran-

214 612 284 666 tur?
302 610 331 665 ln
349 610 399 663 ltac
415 606 542 661 rtirnirunt
558 605 698 675 parricidii
715 606 845 661 borrcndi
867 605 1009 661 atrocitate

215 698 349 757 naturalis
374 696 528 753 affectionis
561 694 617 766 juri
641 696 806 762 detrahitur,
840 697 1010 767 vituperatur

215 788 395 845 ministeriam
409 786 546 851 clericale,
561 801 594 842 ac
610 786 744 857 regularis
761 786 919 843 venerantiae
932 786 1008 857 puri·

215 890 257 936 tas
267 880 426 949 dissipator.
442 878 521 935 Sicut
534 879 608 934 enim
630 889 708 934 tenor·
720 878 875 935 litterarum
887 875 1008 947 ejnsdem

213 972 333 1043 episcopi
357 986 408 1027 nos
435 971 556 1039 edocuit,
586 970 637 1027 sibi
664 980 692 1025 ct
716 970 835 1041 capitulo
856 970 1009 1027 Pietavensi

214 1063 309 1130 inuitis
322 1063 468 1121 abbatibus
483 1071 511 1119 et
533 1064 594 1119 aliis
617 1063 684 1119 viris
709 1063 805 1133 peritis
829 1062 1009 1133 praesentibus

213 1165 257 1213 est
273 1155 389 1210 relatum
399 1155 471 1225 quod
483 1151 589 1209 ioannc
605 1154 769 1219 castiores.
782 1151 1006 1223 eleemosynario,

217 1244 1009 1319 GuiileltnodelobeaetGuillelmodcSanctoLeodegario

214 1338 731 1409 canonichllerrsibusprocurantibus,
744 1336 1008 1408 aquatuorsioariis,

216 1435 264 1506 spui
276 1435 376 1490 abillis
391 1432 634 1503 obbocsexaginta
646 1431 911 1501 librasacccpemnt,
925 1428 1008 1485 abbas

213 1524 356 1591 celiensis,
367 1525 578 1595 virprovidrset
590 1524 731 1591 honestus,
743 1524 806 1577 dum
819 1521 1009 1577 adntatrninas

213 1620 368 1685 accederet,
379 1617 506 1687 nequitur
520 1616 626 1671 exstitit
643 1613 804 1671 interiectus
829 1613 1008 1683 qnadraginta

212 1710 301 1783 plagis
314 1717 341 1765 et
355 1709 472 1779 atriplius
496 1706 606 1763 indictis
631 1706 718 1763 eidem
734 1705 824 1778 tibi).
835 1704 904 1761 Cum
917 1713 1008 1761 autem

1060 516 1194 587 agendam
1222 527 1383 588 perpetuam
1403 516 1590 587 poerritcntiam
1626 526 1804 577 sustentetur.
1823 521 1854 577 Si

1061 620 1128 663 vcro
1149 622 1233 677 gravo
1270 606 1428 663 scandalunt
1453 606 1623 675 iorrttidctnr,
1644 607 1716 677 qnod
1742 610 1856 668 minime

1061 697 1239 768 conquiescat
1253 708 1397 769 postquam
1419 698 1502 755 ctiam
1514 712 1577 753 rens
1599 698 1739 768 sanguinis
1756 704 1856 759 vestris

1061 792 1223 848 evitaveritis
1237 790 1644 853 irrtcrcessionibus‹leiensare
1666 806 1714 845 vos
1740 792 1854 848 eosdem

1061 880 1169 952 publice
1182 881 1359 954 degradatos,
1373 883 1406 938 ad
1428 881 1616 953 poertitentiam
1634 880 1758 939 studiose
1779 899 1854 939 ιιιιι·

1061 974 1190 1041 monitos,
1206 974 1369 1045 relinquatis
1387 975 1471 1030 curia
1481 976 1604 1031 saeculari
1627 976 1706 1047 jurata
1720 976 1856 1033 coristitu·

1062 1068 1151 1121 tiones
1167 1066 1303 1135 legitimas
1329 1066 1583 1137 puniendos.Qnod
1609 1068 1632 1123 si
1657 1066 1702 1123 aiii
1728 1067 1855 1123 canonici

1063 1155 1144 1226 buius
1158 1158 1283 1214 criminis
1294 1157 1374 1213 inscii
1406 1157 1604 1229 incorrigibiles
1622 1158 1855 1215 lractenusetsti·

1062 1256 1162 1313 terunt,
1193 1260 1221 1306 et
1242 1250 1390 1321 praelibatis
1413 1256 1477 1306 sord
1493 1250 1662 1317 ,criminibus
1692 1251 1792 1307 irretiti
1819 1254 1855 1309 de

1061 1341 1161 1411 quibus
1176 1342 1203 1397 ln
1219 1342 1278 1399 suis
1296 1341 1359 1397 iecit
1371 1350 1540 1398 intemeratus
1567 1344 1712 1413 episcopus
1737 1345 1854 1401 mentio-

1062 1450 1135 1499 nem,
1152 1435 1277 1491 volumus
1291 1444 1316 1489 et
1330 1436 1493 1491 ntandamus
1508 1444 1536 1489 ut
1555 1450 1605 1505 per
1618 1436 1742 1491 ordinem
1757 1435 1855 1491 Sancti

1062 1526 1180 1582 Victoris
1205 1526 1339 1583 Celletrsis
1361 1526 1484 1583 Ecclesia
1510 1528 1697 1585 reformetur:
1718 1541 1798 1598 quem
1829 1530 1856 1585 si

1061 1617 1144 1688 ntiqui
1159 1634 1191 1673 cx
1205 1616 1340 1688 predictis
1351 1618 1463 1673 cationis
1478 1619 1601 1687 recipere
1615 1617 1751 1673 voluerint
1763 1619 1858 1673 humi·

1062 1708 1124 1764 liter
1137 1719 1164 1765 ct
1172 1718 1293 1773 servare,
1309 1723 1356 1764 vos
1368 1708 1478 1765 cosdem
1487 1709 1585 1764 ibidem
1593 1724 1735 1764 remanere
1745 1710 1855 1767 sinatis.

214 1804 272 1859 lane
284 1817 349 1857 vera
362 1815 422 1857 csse
441 1815 493 1857 non
512 1800 600 1856 solum
626 1812 674 1870 per
686 1800 772 1854 bonos
784 1799 859 1854 viros
879 1807 907 1853 et
919 1812 1009 1853 sacer·
1026 1780 1048 1839 Β
1063 1800 1191 1869 Alioquin
1207 1801 1241 1856 ad
1256 1800 1374 1856 arctiora
1389 1800 1555 1855 orionasteria
1587 1800 1781 1856 transmittatis
1793 1815 1858 1856 eos·

214 1893 303 1959 dotes,
317 1891 510 1947 verumetiam
526 1904 574 1959 per
598 1890 708 1946 cosdem
734 1890 860 1957 sicarios,
886 1889 932 1960 qm
946 1889 1009 1944 dum
1060 1891 1140 1957 dcm;
1157 1892 1383 1958 contradictores,
1403 1892 1425 1946 si
1439 1906 1509 1963 quos
1522 1889 1693 1957 inservientis,
1712 1890 1753 1944 vei
1766 1890 1859 1947 rebel-

214 1986 241 2038 ιι
252 1998 364 2040 carcere
378 1980 508 2053 principis
525 1991 695 2047 tenerentur,
721 1996 814 2035 coram
830 1981 939 2037 nuntiis
952 1978 1010 2035 suis
1062 1982 1104 2037 ies
1119 1996 1328 2053 percensuram
1344 1982 1561 2038 ecclesiasticam
1584 1981 1765 2052 appellatione
1776 1991 1857 2053 post·

214 2087 243 2132 et
260 2074 350 2133 multis
366 2074 427 2130 aliis
439 2088 472 2129 ea
486 2073 594 2145 publice
611 2072 730 2128 coralessi
744 2071 864 2137 inerant,
880 2070 1009 2143 paraeletus
1063 2073 1153 2144 posita
1177 2075 1386 2146 cutrspeseendo.
1401 2073 1515 2142 Quodsi
1529 2088 1583 2128 raon
1599 2086 1706 2139 ournes,
1722 2082 1790 2139 etc,
1801 2073 1859 2127 duo

216 2170 365 2240 episcopus
379 2166 532 2232 didicisset,
550 2176 578 2222 et
592 2166 771 2222 deliberasset
783 2180 845 2223 cum
861 2164 931 2219 viris
944 2178 1010 2235 pru·
1061 2179 1182 2226 vestrum
1200 2186 1244 2237 ea,
1260 2182 1317 2225 etc.
1510 2234 1514 2243 Ι

214 2260 341 2317 dentibus
353 2268 380 2315 ct
399 2259 523 2316 diseretis
538 2258 655 2328 qualiter
681 2267 755 2315 esset
774 2259 802 2313 in
827 2257 878 2313 boc
901 2254 1011 2327 negotio
1099 2261 1197 2316 batum
1210 2261 1349 2330 Laterani,
1363 2276 1412 2316 xm
1425 2260 1538 2318 statana,
1553 2259 1690 2328 octobris,
1705 2258 1855 2330 paquara.

215 2354 430 2426 procedendum,
445 2352 553 2407 diversa
569 2351 668 2422 reperit
691 2350 805 2406 consilia
828 2350 1009 2411 diversorum,
1062 2363 1105 2409 tus
1117 2354 1203 2409 nostri
1215 2367 1288 2407 antro
1302 2354 1383 2409 tertio
1397 2352 1514 2408 (teatino,

214 2445 352 2501 rrursnuiiis
362 2444 549 2500 asserentibus
564 2441 717 2510 hujusmodi
733 2440 921 2512 perversitatis
935 2448 1009 2495 aeto·
1144 2442 1147 2445 ’
1383 2443 1527 2501 cxxxiii.

213 2551 270 2603 1⁸⁸2
290 2551 344 2591 n0¹¹
358 2550 407 2606 per
423 2534 555 2590 militie
572 2533 727 2597 bidellium·
746 2534 795 2588 ⁸0⁶
809 2546 857 2604 bet·
876 2530 1008 2587 ecclesis·
1078 2552 1165 2593 serso
1180 2550 1261 2593 ιιιιιιιι
1288 2548 1525 2593 cssostcomsert
1541 2550 1629 2591 nasim
1654 2550 1837 2591 ntrontcsttst.

215 2627 313 2683 sticum
326 2626 459 2698 judicium
470 2626 641 2696 puniendos;
656 2622 923 2680 aliisaliinnantibus
935 2624 1009 2694 ipsos
1147 2627 1283 2700 iincipitur
1293 2629 1341 2683 snb
1352 2629 1511 2699 protectione
1521 2627 1592 2682 redis
1604 2627 1768 2697 aponoticte.

216 2729 329 2791 propter
353 2718 546 2777 ctrormitatem
568 2716 693 2773 criminis
716 2716 916 2788 relinquendos]
928 2717 1010 2772 curin
1256 2719 1407 2792 (Laterani,
1423 2735 1440 2773 x
1456 2717 1517 2773 ilai.
1533 2717 1668 2774 Octobris.

213 2812 354 2878 saeculari,
374 2811 504 2868 trinitare
528 2810 663 2866 materiali
688 2809 787 2882 gladio,
815 2822 922 2880 peanum
935 2808 1010 2864 enci·
1095 2811 1277 2869 sacrosancta
1298 2810 1421 2865 iiomana
1447 2809 1569 2865 Ecclesia
1588 2810 1703 2865 devotos
1717 2817 1746 2865 et
1762 2809 1859 2864 bunti-

212 2912 311 2974 perent
325 2900 376 2956 sibi
392 2900 512 2971 dignans.
536 2898 612 2955 Alios
636 2913 745 2969 quoque
766 2899 913 2954 canonicos
938 2898 1009 2955 illius
1067 2904 1107 2961 ies
1122 2905 1193 2959 iiiios
1206 2920 1239 2959 es
1253 2912 1371 2959 assueta
1384 2902 1493 2973 pietatis
1506 2901 1594 2956 allicio
1618 2903 1780 2973 propensius
1793 2901 1859 2957 dili·

215 2996 396 3067 malignitatis
415 2996 524 3065 ignaros
539 2995 734 3051 asseverabant
745 2994 828 3065 aliqui
849 2994 876 3051 in
890 2995 1009 3051 detesta-
1063 3012 1129 3069 gere
1145 2994 1337 3063 currsnevit,et
1358 3007 1549 3064 nepa-avorum
1569 2992 1709 3048 bontinunt
1724 2992 1859 3049 uroiestiis

216 3090 317 3147 tionem
332 3088 456 3145 criminis
477 3089 511 3145 de
533 3088 589 3161 ipsa
613 3086 738 3142 Ecclesia
762 3086 947 3157 depellendos,
967 3097 1005 3153 ut,
1063 3090 1212 3159 agitentur,
1228 3102 1276 3141 ens
1289 3097 1416 3155 tanquam
1432 3084 1477 3155 pia
1495 3094 1595 3149 nantes,
1609 3098 1666 3139 sote
1677 3085 1857 3154 protectionis

212 3181 363 3237 securtdum
376 3181 561 3252 evangelicam
579 3180 721 3235 veritatem
737 3179 816 3233 omlis
830 3179 900 3237 male
912 3181 1004 3252 perdi-
1062 3179 1554 3251 vaurtinrineconfovere'Eaproptcr,
1571 3177 1669 3233 dilecto
1696 3177 1724 3231 in
1740 3176 1856 3232 Dnrtriuo

214 3274 261 3340 tis,
277 3273 358 3328 vinea
373 3273 480 3329 batarini
494 3272 615 3328 Sabaoth
626 3271 704 3328 bonis
714 3271 840 3342 agricolis
854 3272 1006 3338 locatarum
1060 3276 1107 3336 isli,
1122 3274 1176 3330 tuis
1196 3273 1277 3345 justis
1298 3272 1527 3344 postulationibus
1545 3281 1652 3342 gratans
1666 3269 1857 3340 impertientes

213 3366 332 3422 maritus
346 3381 408 3422 cum
425 3365 520 3436 paneis
536 3365 699 3435 quandoque
708 3365 894 3434 peecarttilms,
907 3365 945 3420 ira
959 3364 1007 3421 liei
1059 3379 1212 3427 assensum,
1225 3379 1368 3435 personam
1381 3372 1457 3419 tuam
1473 3377 1537 3418 curn
1561 3361 1688 3416 orrroibus
1699 3359 1779 3414 bouis
1792 3373 1855 3429 qam

212 3456 358 3513 desaevisse
371 3457 478 3528 legatur
488 3457 515 3511 in
528 3460 638 3510 tituttos.
654 3456 769 3523 Quidam
800 3472 865 3512 vcro
881 3457 1008 3513 dicebant

212 3550 287 3623 quod
300 3549 379 3620 culpa
392 3563 456 3606 snos
471 3557 563 3604 tenere
575 3546 693 3604 debebat
714 3559 851 3616 auctores,
873 3565 907 3606 ne
936 3551 1006 3606 ultra

212 3642 422 3714 progrederetur
431 3654 599 3712 pcenaqoum
612 3639 780 3695 inveniretur
789 3641 931 3704 delictum,
945 3657 1006 3697 curn

213 3735 315 3792 nuliius
329 3737 434 3810 crimen
445 3737 565 3790 maculet
589 3735 767 3790 nescientem.
782 3733 857 3789 Licet
874 3745 965 3790 autem
979 3737 1006 3790 in

214 3835 290 3882 tanta
309 3827 441 3883 varietate
460 3827 569 3883 corasilii
590 3829 703 3898 imperit
721 3826 778 3896 jam
792 3827 880 3882 riictns
903 3827 1008 3896 episco-

214 3931 267 3988 pus
278 3915 423 3981 fluctuare,
440 3919 584 3974 attendens
602 3927 692 3974 tarrren
717 3918 842 3988 exemplo
871 3918 1007 3988 pernicio·

213 4023 276 4064 sum
294 4007 414 4063 existere
428 4008 450 4063 si
463 4007 637 4066 omitteretur
653 4017 759 4064 tantum
792 4008 900 4065 iacintus
920 4009 1007 4080 impu·

214 4098 312 4160 nitum.
323 4105 351 4152 et
361 4098 434 4166 quod
446 4097 569 4153 canonici
587 4097 735 4167 supradicti
752 4097 833 4170 longe
845 4107 908 4154 urite
919 4099 1008 4154 inem-

216 4187 337 4262 rigibiles
351 4191 461 4245 iuerant
472 4196 500 4245 et
517 4188 643 4258 rebelles,
655 4198 684 4244 et
696 4190 918 4246 commonitionis
951 4203 1008 4246 suae

213 4281 320 4340 iteratae
331 4280 429 4351 saepius
442 4289 656 4350 contemptores,
668 4282 794 4353 quodque
806 4293 898 4339 essent
922 4282 1007 4338 iorni·

214 4382 333 4440 calorem
345 4372 473 4439 adulteri,
493 4375 688 4446 negotiatores,
704 4383 733 4430 et
759 4375 844 4431 usarii
860 4373 1005 4442 tiraniiesti,

1060 3456 1295 3526 inpraesentiarum
1313 3455 1512 3512 rationabiliter
1533 3453 1668 3524 possides,
1684 3459 1731 3505 aut
1741 3451 1767 3504 in
1781 3449 1857 3505 iutu-

1061 3565 1133 3614 vum,
1150 3559 1299 3620 prestante
1316 3551 1441 3614 linarium,
1453 3548 1537 3618 justis
1551 3546 1639 3602 vitodis
1657 3545 1781 3616 adipisci,
1802 3541 1857 3602 sub

1062 3642 1135 3696 beati
1150 3639 1223 3695 Petri
1236 3649 1366 3698 etnostra
1392 3641 1562 3711 protectione
1583 3637 1755 3708 sttscipimns.
1786 3635 1857 3707 Spe

1059 3727 1167 3784 cialiter
1182 3738 1273 3784 autem
1293 3726 1466 3798 praebendam
1479 3724 1573 3781 Sancti
1593 3723 1684 3779 Ursini
1698 3722 1855 3777 bituricen·

1059 3822 1109 3889 sis,
1121 3821 1193 3877 sicut
1210 3837 1270 3876 earn
1282 3819 1357 3890 juste
1374 3818 1506 3888 possides,
1523 3826 1551 3873 et
1580 3815 1681 3887 quiete,
1694 3814 1742 3871 tibi
1759 3825 1855 3870 artetu-

1061 3914 1142 3969 ritate
1161 3911 1310 3982 apostolica
1330 3913 1524 3967 cottitrrnamus
1548 3918 1576 3964 ct
1601 3909 1743 3979 praescistis
1757 3908 1855 3977 scripti

1060 4006 1214 4078 patrocinio
1233 4004 1444 4063 communimus.
1461 4002 1533 4058 Nulli
1546 4017 1612 4073 crgo
1623 4001 1736 4056 anuarino
1762 3999 1855 4055 lomi-

1059 4113 1125 4151 rnrnr
1150 4096 1230 4153 liccat
1257 4096 1328 4152 barre
1353 4095 1480 4166 paginam
1505 4102 1607 4148 nostrae
1637 4090 1855 4148 continuationis

1060 4189 1209 4262 intringere
1220 4189 1263 4244 vel
1276 4188 1300 4244 ei
1314 4203 1382 4243 ausu
1408 4186 1554 4242 tctnerario
1575 4185 1723 4241 contraire.
1739 4184 1768 4240 Si
1791 4184 1856 4254 quis

1059 4290 1149 4338 autem
1165 4282 1218 4338 boc
1232 4289 1370 4338 attentare
1396 4282 1612 4352 praesumpserit,
1638 4279 1854 4350 indignationem

1058 4376 1257 4446 omnipotentis
1268 4375 1315 4432 liei
1333 4384 1361 4430 et
1373 4375 1513 4430 beatorum
1529 4373 1639 4446 Petrijet
1652 4372 1729 4429 Pauli
1743 4363 1851 4444 aposto*

214 4467 323 4528 tandem
337 4465 482 4536 consiliunt
494 4466 546 4522 boc
559 4466 689 4537 providit,
701 4474 731 4522 ot
742 4465 876 4522 universis
891 4465 1005 4522 canoniis
1022 4466 1147 4542 pinnam
1170 4466 1229 4536 ejus
1238 4483 1268 4524 se
1282 4467 1389 4524 noverit
1403 4468 1587 4524 incursurum.

213 4563 249 4620 ab
264 4560 379 4617 ecclesia
394 4571 545 4617 memorata
567 4561 703 4630 depulsis,
717 4560 778 4615 inco
804 4573 898 4614 eorum
914 4557 1006 4614 Sancti

213 4652 334 4710 Victoris
341 4651 505 4708 parisiensis
516 4653 641 4708 canonici
653 4652 846 4722 subrogentur,
857 4652 908 4706 boe
919 4651 1006 4720 ipsum

215 4747 242 4801 in
256 4761 389 4817 suspenso
407 4747 525 4803 terrerrdo
539 4749 625 4804 dorree
647 4761 730 4819 super
743 4761 777 4804 eo
788 4757 890 4802 nostre
901 4747 1006 4815 recipe·

214 4847 256 4894 ret
274 4838 474 4908 isetrepiacituns
489 4840 647 4898 volrrntatis.
667 4841 796 4898 Veientes
820 4841 903 4911 igitur
924 4847 955 4896 ut
979 4840 1006 4895 in

213 4928 282 4990 tarrti
294 4930 420 4988 criminis
434 4945 516 5002 poena
539 4932 702 4988 discantalii
724 4947 740 4988 a
765 4931 900 4988 consimili
926 4931 1005 5001 culpa

1094 4559 1191 4614 batum
1220 4557 1396 4625 Laterani,x
1423 4557 1485 4614 ttat
1511 4556 1638 4614 Octobris
1670 4571 1743 4614 atarto
1769 4555 1854 4612 tertio

1058 4654 1176 4709 decimo.

1385 4744 1526 4803 CXXXIV.

1268 4852 1426 4893 novantnssr
1439 4837 1515 4911 (iiiii)
1531 4855 1643 4896 casuro.

1198 4928 1239 4985 iis
1265 4945 1346 4985 censo
1376 4931 1490 5001 episcopi
1513 4930 1695 5000 albiganensis

213 5035 333 5087 cessare,
348 5023 551 5080 communicato
570 5024 685 5078 fratrum
698 5033 858 5080 rtostrorurn·
879 5023 1004 5090 castallio,
1250 5023 1406 5096 (Laterani,
1420 5023 1482 5079 Kal.
1496 5023 1650 5093 Octobris.)

213 5115 390 5184 presentium
412 5116 493 5173 vobis
514 5117 677 5173 auctoritate
700 5115 881 5187 precipiendo
898 5117 1007 5188 manda·
1092 5114 1853 5188 (idiiErlitterisvenerabilisiratrisnostripatriarcba

213 5206 822 5278 musquatennsillosquosvobisconstiterit
835 5206 1006 5280 liujusiuisse
1057 5210 1234 5274 Aratincbeni,
1257 5218 1321 5265 tnnc
1344 5206 1503 5278 iporiensis
1516 5194 1648 5280 episcopi,
1669 5217 1698 5264 et
1719 5209 1758 5263 tui
1785 5219 1852 5265 trrnc

212 5295 367 5370 iniqnitatis
381 5309 489 5357 actores
504 5301 539 5356 ab
552 5299 626 5355 omni
641 5299 738 5355 ordine
751 5299 872 5356 clericali
898 5299 1006 5356 subiato
1057 5305 1092 5361 de
1104 5301 1201 5358 Tilieto
1215 5301 1334 5366 abbatis,
1353 5299 1527 5354 streminimns
1546 5301 1683 5371 recepisse
1697 5300 1771 5369 ιιιιιιι
1786 5315 1850 5355 enrn

213 5389 555 5465 cuiuslibctappeliationis
565 5391 707 5447 obstaculo
720 5392 883 5462 degradetis,
895 5394 1003 5448 eosdem
1056 5398 1158 5453 dudum
1174 5395 1209 5451 ad
1230 5394 1441 5466 albiganensem
1458 5395 1607 5452 Ecclesiam
1622 5412 1676 5451 rina
1691 5411 1752 5458 coro
1764 5407 1850 5450 vene·

214 5479 237 5536 si
249 5497 331 5553 grave
343 5483 501 5540 mastdaium
515 5497 569 5540 non
581 5483 702 5551 timetur,
718 5483 791 5555 apud
806 5482 895 5553 aliqua
908 5498 1004 5540 mona·
1057 5483 1135 5540 rabili
1148 5482 1233 5539 tratre
1245 5493 1340 5540 nostro
1355 5482 1457 5540 Pisano
1467 5485 1685 5555 archiepiscopo,
1712 5493 1778 5540 tune
1790 5483 1850 5554 epi·

211 5571 297 5628 steria
314 5573 473 5645 singillatim
490 5574 517 5631 in
532 5575 617 5630 aretis
630 5574 786 5630 earceribus
797 5574 1003 5644 cotacludentos,
1056 5593 1140 5648 scopo
1153 5574 1330 5641 vercellensi,
1339 5575 1537 5642 accessissetis,
1550 5577 1712 5638 visitationis
1725 5573 1846 5635 oiiiciurn

249 5687 325 5834 ‘¹⁰3
345 5687 412 5744 vaae
427 5697 492 5744 toni.
510 5688 636 5752 ivam
650 5690 824 5764 carrinam
850 5691 912 5748 aar.
1085 5693 1162 5769 (ιιι)
1186 5685 1359 5761 tenerrimi,
1375 5671 1528 5763 epistici.

193 5765 214 5790 ··
248 5758 292 5834 qli]
344 5760 438 5818 Eidem
454 5761 584 5832 inscripta
597 5773 636 5817 cst
653 5762 770 5833 epistola
781 5765 823 5831 lai,
837 5764 882 5820 tib.
897 5779 944 5820 ιιι.
