4109 6325
189 337 241 397 565
633 338 902 420 ,morimundus
919 340 1013 400 nudo
1032 341 1096 412 XV,
1117 342 1254 401 cnulsrl
1274 342 1355 401 lala.
1766 349 1821 407 att

226 457 326 511 liatum
342 452 482 519 Laterani,
498 463 532 511 ιιι
543 451 606 511 idus
618 454 729 527 Aprilis,
745 459 918 531 pontificatus
931 476 978 517 no·
993 484 1015 539 Α
1029 475 1088 515 rum
1114 461 1148 513 ad
1176 461 1268 517 sedem
1298 460 1423 517 venerint
1446 460 1622 532 apostolicam
1649 460 1818 520 absolvendi.

188 545 237 602 stri
248 558 320 601 anno
333 544 439 601 decimu
454 544 558 615 pultato.
1029 550 1143 617 Quodsi
1159 565 1213 604 nou
1225 564 1331 616 omncs,
1345 558 1410 619 etc,
1424 551 1477 606 duo
1491 560 1623 616 restrum,
1640 559 1693 605 etc

536 636 632 693 xxix.
1064 643 1162 697 Datum
1174 641 1302 697 laterani
1319 656 1334 696 ι
1349 642 1411 698 ldus
1421 642 1531 713 Aprilis,
1545 645 1719 714 pontificatus
1730 642 1819 702 nostrl

250 742 373 785 muscoso
391 742 503 793 occano,
518 742 553 784 er
570 743 685 785 cruram
702 745 916 789 oaraarsnsruus.
1030 747 1101 789 anno
1114 732 1339 804 decimoquinto.

308 816 342 874 Ut
356 820 464 889 quisque
478 818 574 888 linibus
588 820 643 876 auis
660 822 692 877 sit
708 834 855 879 contentus.
1378 845 1474 901 χχχιΙ

395 910 551 983 (Laterani,
567 927 584 965 V
598 912 637 967 ¹¹¹·
652 914 774 983 Aprilis.)
1029 949 1153 992 serscoeo
1171 951 1343 1003 ravennensi,
1360 952 1395 991 er
1413 950 1568 992 raneosrro
1585 950 1680 994 saucrr
1698 950 1817 993 cnunsrr·

225 1002 307 1069 Cum,
323 1000 394 1057 sicut
409 1003 573 1060 venerabilis
590 1004 677 1059 lrater
692 1014 787 1059 noster
801 1004 980 1061 Zaratonien·
1307 1043 1345 1083 T„
1363 1042 1544 1083 mmm,

190 1094 378 1163 sisapiscopus
390 1094 529 1163 proposuit
541 1108 634 1151 coram
649 1095 735 1164 nobis,
752 1096 914 1151 venerabilis
925 1094 979 1151 lra-
1048 1118 1140 1176 cmg,
1160 1118 1264 1174 opponi,
1276 1120 1342 1188 amp,
1362 1119 1517 1173 senientiam
1536 1118 1564 1172 in
1581 1118 1730 1190 episcopani
1748 1118 1802 1175 Gu-

192 1196 234 1241 tcr
246 1191 337 1241 noster
352 1184 572 1255 archiepiscopus
582 1194 610 1242 et
623 1186 746 1241 canonici
764 1186 886 1241 Thebani
899 1186 982 1241 Zara·
1368 1203 1487 1243 manunt.

193 1276 342 1332 luniensem
369 1275 540 1342 dioecesim,
554 1290 615 1331 cum
645 1277 682 1331 sit
708 1274 978 1350 Tlrebanaelricina]
1236 1278 1393 1351 (Laterani,
1409 1278 1477 1334 llon.
1493 1279 1615 1351 Aprilis.)

192 1366 320 1424 martinon
332 1380 466 1435 occupare.
477 1368 677 1436 praesamantln
690 1366 980 1440 cumdemepiscopnm
1068 1370 1142 1427 Sicut
1162 1384 1194 1425 ca
1214 1385 1301 1441 quaec
1319 1369 1467 1427 Catholicis
1482 1378 1510 1425 et
1523 1370 1630 1426 devotis
1652 1370 1821 1441 principibus

192 1457 380 1529 nmltipliciter
404 1458 523 1514 indebite
548 1460 703 1526 molestare,
729 1476 780 1517 nos
806 1462 928 1517 volentes
952 1469 982 1517 ut
1031 1459 1229 1516 rationabiliter
1250 1461 1422 1527 ordinantur,
1444 1460 1522 1515 llrma
1544 1462 1643 1516 debent
1665 1472 1693 1515 et
1715 1460 1819 1517 illibata

192 1551 312 1619 utrisque
328 1550 374 1619 jus
394 1566 472 1607 suurn
495 1560 671 1607 conservetur
687 1552 808 1618 illaesum,
824 1554 980 1611 discretioni
1031 1550 1142 1613 serrari,
1156 1549 1196 1605 sic
1213 1565 1320 1620 eaquae
1336 1565 1351 1604 a
1367 1550 1477 1620 pcrlldis
1489 1552 1613 1622 tyrannis
1627 1550 1748 1621 improbe
1766 1558 1823 1605 sta·

192 1651 291 1697 restrae
310 1656 360 1711 per
378 1640 525 1711 apostolica
540 1643 641 1712 scripta
656 1646 815 1699 mandamus
836 1656 979 1715 aliatenus,
1032 1648 1153 1706 luuntur,
1169 1638 1216 1693 illo
1227 1639 1345 1694 mariana
1361 1647 1482 1710 tempore
1493 1654 1547 1710 quo
1559 1639 1820 1697 excommunicatio·

194 1730 318 1799 partibus
344 1732 512 1792 convocatis.
534 1732 662 1801 inquisita
692 1732 796 1803 plenius
818 1743 847 1789 et
874 1736 980 1805 cognita
1033 1730 1075 1786 nis
1088 1730 1196 1785 vinculo
1217 1720 1344 1786 tenentur
1358 1731 1475 1797 astricti,
1486 1746 1581 1787 carere
1601 1732 1701 1788 debent
1722 1733 1823 1790 robore

193 1822 320 1886 veritato,
335 1830 478 1889 utrumque
491 1819 598 1877 lactatis
608 1836 656 1878 sua
668 1821 780 1878 dioecesi
794 1837 903 1877 manere
919 1839 982 1878 con·
996 1812 1018 1867 B
1034 1820 1179 1886 llrmitatis,
1192 1835 1254 1875 cum
1266 1818 1333 1875 tales
1345 1819 1465 1890 legitime
1479 1830 1617 1891 nequeant
1627 1820 1824 1891 jurisdictionis

194 1919 311 1975 tentum,
325 1910 537 1968 contradictores
550 1925 598 1982 per
612 1926 755 1968 censuram
769 1913 980 1969 ecclesiasticam
1032 1909 1147 1966 odicium
1158 1922 1287 1965 exercere
1302 1910 1336 1965 ab
1355 1910 1460 1965 unitate
1472 1910 1589 1966 bdelium
1610 1912 1739 1980 separati.
1753 1911 1823 1969 Cum

193 2000 371 2071 appellatione
392 2002 540 2071 postposita
557 2004 763 2073 compescendo.
783 2002 878 2059 Testes
891 2014 980 2060 autem
1031 2000 1114 2070 igitur
1136 2000 1207 2066 01¹⁰,
1234 2015 1287 2055 non
1308 2000 1366 2070 iam
1389 2001 1571 2057 nominandus
1593 2003 1750 2073 imperator,
1774 2004 1823 2060 scd

192 2094 239 2163 nui
255 2090 354 2148 luerint
370 2094 513 2162 nominati,
526 2102 593 2160 ate..
605 2111 686 2167 usque
698 2097 849 2168 perbibere.
865 2096 941 2164 erod
956 2097 980 2152 si
1032 2090 1130 2160 impius
1143 2100 1310 2161 persecutor,
1328 2106 1389 2146 curn
1401 2092 1458 2147 suis
1474 2092 1624 2149 lautoribus
1638 2082 1822 2151 anathematis

191 2196 247 2237 uon
270 2196 379 2249 outncs,
400 2190 465 2250 ete..
491 2183 627 2255 tu,lrater
650 2186 786 2257 episcope,
800 2201 861 2242 carru
886 2200 979 2243 eorum
1032 2182 1068 2237 sit
1090 2182 1197 2237 vinculo
1219 2182 1374 2248 innodatus,
1388 2190 1416 2238 ct
1429 2197 1444 2237 a
1458 2183 1550 2239 debito
1574 2182 1712 2240 dualitatis
1736 2185 1822 2253 ipsius

192 2271 288 2337 altero,
303 2280 358 2327 etc.
1031 2272 1147 2328 absoluti
1161 2275 1214 2327 sint
1230 2274 1361 2339 urrivcrsi,
1378 2288 1429 2329 uos
1442 2264 1532 2330 omnia
1547 2289 1607 2346 qrrae
1620 2276 1691 2330 idem
1714 2290 1823 2331 excom·

227 2360 482 2431 batumlaaterani,
496 2380 512 2419 ι
527 2364 588 2421 ldus
600 2365 717 2438 Aprilis,
735 2368 909 2437 poutilicatus
931 2384 981 2427 nn-
1031 2364 1186 2419 manicatus
1200 2364 1241 2418 rel
1258 2365 1356 2433 aliquis
1377 2365 1436 2434 eius
1455 2364 1576 2420 officialis
1599 2373 1693 2422 contra
1709 2366 1823 2421 clericos

190 2450 240 2505 stri
256 2464 327 2508 anuo
340 2451 446 2509 decimo
465 2455 570 2525 quinto.
1031 2454 1073 2509 rel
1092 2453 1228 2509 Ecclesiae
1242 2455 1338 2509 statuit
1352 2464 1400 2510 aut
1413 2456 1551 2521 statuerit,
1566 2454 1624 2511 sire
1637 2466 1731 2511 contra
1748 2458 1824 2526 prin-

542 2546 627 2602 lxx.
1031 2546 1105 2614 cipes
1129 2553 1177 2598 aut
1201 2559 1295 2599 corum
1321 2545 1451 2608 lautores,
1465 2545 1512 2615 qui
1534 2556 1684 2601 memorato
1707 2556 1825 2616 tyranno

190 2650 395 2694 accuruniscono
422 2654 674 2701 rflnssnnomcnpsr,
691 2654 726 2696 nn
753 2655 855 2697 genero
882 2658 979 2699 pgppp.
1031 2647 1110 2687 suum
1125 2632 1311 2688 subtraxerint
1321 2632 1482 2703 obsequium
1496 2632 1689 2688 utlibertatem
1703 2646 1730 2689 et
1742 2635 1826 2701 justi·

224 2743 358 2797 crncsnsr,
378 2744 414 2785 er
434 2744 619 2787 massmanno
637 2745 730 2788 aarum
749 2746 878 2788 anunm
898 2748 980 2791 anns.
1032 2723 1097 2778 tiam
1114 2731 1169 2777 tam
1182 2723 1317 2779 Ecclesiae-
1333 2738 1415 2794 quam
1441 2724 1546 2793 imperii
1568 2732 1703 2789 tueantur,
1720 2727 1824 2782 denum

224 2834 419 2878 signaremus,
1031 2814 1132 2869 tiamus
1147 2814 1222 2868 irrita
1238 2823 1267 2868 ct
1281 2814 1390 2881 inania,
1406 2830 1492 2884 caque
1507 2816 1543 2870 dc
1556 2816 1695 2870 communi
1706 2814 1824 2870 fratrum

189 2908 296 2981 aetenae
310 2912 531 2982 coguitiouenrde
545 2914 684 2981 iniectione
705 2930 832 2971 manuum
852 2915 976 2975 violeum,
1029 2914 1188 2961 nostrorum
1213 2904 1328 2960 consilio
1352 2907 1513 2961 auctoritate
1541 2904 1689 2976 apostolica
1711 2908 1829 2967 omnino.

399 3003 546 3073 (Laterani,
558 3021 575 3060 ι
590 3004 629 3061 ld.
645 3005 769 3077 Aprilis.)
1030 3010 1181 3052 cassamus.
1195 2994 1355 3065 specialiter
1367 3005 1459 3051 autom
1470 3000 1633 3055 sententiam
1647 3016 1730 3071 quam
1745 3001 1817 3056 idem

225 3090 393 3147 Venerabilis
408 3090 493 3148 irater
513 3102 605 3149 noster
617 3094 823 3151 zaratoniensis
836 3098 978 3169 episcopus
1031 3088 1095 3147 0tto
1115 3096 1209 3145 contra
1231 3087 1413 3144 venerabilem
1437 3088 1548 3143 iratrcm
1574 3099 1698 3144 nostrum
1721 3090 1823 3146 Cuma·

189 3183 267 3238 nobis
287 3185 477 3253 conquerendo
500 3187 660 3240 rrrnustrarit
676 3184 748 3254 quod
768 3187 980 3246 decanusctca-
1030 3197 1094 3238 num
1120 3182 1276 3252 episcobum
1303 3192 1386 3251 suber
1411 3193 1493 3234 elusa
1523 3195 1582 3248 (luae
1607 3181 1723 3236 vertitur
1750 3184 1823 3239 inter

189 3269 278 3326 noaici
289 3271 411 3329 Thebani
422 3289 483 3328 curn
496 3273 681 3344 multipliciter
691 3275 876 3344 molestantes,
889 3281 978 3347 ipsum
1028 3276 1116 3348 ipsum
1131 3281 1157 3330 et
1171 3273 1332 3344 capitaneos
1352 3271 1385 3326 de
1399 3269 1515 3341 Arrago,
1535 3285 1585 3340 pro
1604 3285 1636 3327 eo
1650 3274 1721 3342 quod
1735 3276 1769 3329 ad
1783 3276 1823 3343 ip

186 3373 417 3434 presumpserunt
431 3365 614 3435 multipliciter
628 3366 760 3424 iulamare
774 3369 846 3438 qarod
865 3369 977 3424 bladum
1028 3365 1084 3421 sius
1098 3362 1324 3420 excommunicati
1341 3362 1512 3432 presentiam
1525 3361 1594 3417 idem
1609 3355 1752 3433 episcopus
1767 3379 1822 3419 non

188 3453 313 3509 comburi
337 3453 400 3510 lecit
422 3469 526 3518 eorunm.
542 3471 574 3511 ac
595 3470 677 3513 nranu
700 3465 804 3513 ariniara
819 3467 920 3512 terram
934 3457 977 3513 in·
1030 3456 1156 3525 accessit,
1173 3471 1235 3510 curn
1249 3462 1363 3511 vocatus
1384 3452 1481 3508 luisset
1501 3453 1596 3521 abeo,
1612 3454 1738 3524 nequiter
1760 3471 1823 3526 pro·

187 3554 294 3602 trantes
309 3547 398 3616 ipsius,
414 3555 444 3604 et
456 3549 601 3619 quemdam
620 3565 697 3606 suum
717 3550 854 3606 bominem
868 3548 978 3618 capien—
1027 3544 1166 3614 mulgarit,
1181 3545 1353 3601 decernimus
1368 3543 1469 3600 nullam
1481 3557 1551 3607 esse,
1572 3559 1622 3600 nec
1635 3560 1684 3614 per
1698 3559 1758 3601 cant
1771 3546 1823 3600 ali·

189 3637 348 3705 tonicam
377 3637 504 3692 alllictmn
531 3637 679 3694 crudeliter
709 3637 977 3706 tradideruntjudici
1028 3633 1398 3706 qaodcananalicclcsta
1421 3633 1610 3700 inposterum
1633 3634 1822 3704 praejudicium

187 3724 320 3788 seculari,
336 3725 381 3795 grai
395 3726 440 3779 diu
453 3727 578 3782 cumdem
599 3727 717 3784 detinuit
730 3729 914 3799 mancipatum
930 3744 979 3784 cu·
1027 3730 1163 3799 generari.
1179 3728 1312 3795 Quocirca
1327 3725 1486 3781 discretioni
1501 3735 1600 3780 restrae
1613 3741 1660 3794 per
1672 3725 1823 3796 apostolica

189 3814 282 3868 stodirc
303 3813 445 3870 carcerali.
469 3813 604 3870 enarer-ca
620 3817 707 3872 dictus
722 3817 843 3872 decanus
856 3829 885 3871 et
897 3815 931 3873 G.
944 3819 978 3874 do
1027 3821 1129 3889 scripta
1145 3819 1325 3890 precipiendo
1339 3817 1501 3872 mandamus
1515 3827 1649 3886 quatenus
1660 3817 1820 3885 capitaneos

186 3903 287 3960 Besetn
303 3913 331 3959 et
340 3903 373 3960 G.
390 3905 423 3958 dc
436 3905 554 3961 Pica-aria
568 3906 692 3963 canonici
706 3923 768 3964 cum
780 3907 812 3964 G.
830 3909 863 3964 dc
876 3909 977 3964 Sancta
1028 3909 1112 3980 ipsos,
1127 3919 1158 3963 ut
1168 3907 1270 3963 dictum
1282 3906 1440 3978 episcopum
1454 3906 1497 3961 rel
1509 3905 1567 3974 ejus
1580 3905 1729 3962 Ecclesiam
1743 3920 1822 3963 occa·

187 3992 275 4048 Grucc
291 3993 438 4049 castellano
454 3995 588 4052 Thebano
600 4005 628 4053 et
641 3997 801 4066 quibusdam
814 3997 883 4055 'aliis
900 3999 977 4056 laicis
1027 4000 1105 4056 sione
1118 4000 1203 4069 ipsius
1219 3997 1362 4054 sententia
1376 4011 1429 4053 non
1442 4005 1591 4068 aggravent
1604 3997 1646 4051 rel
1663 3997 1818 4060 molestent.

188 4081 324 4140 Thebana·
339 4085 463 4141 dioecesis
476 4087 502 4140 in
521 4087 631 4142 domum
649 4087 731 4156 ipsius
747 4089 867 4159 episcopi
883 4089 979 4160 nequii·
1026 4092 1176 4148 monitione
1199 4090 1340 4162 praemissa
1363 4104 1413 4159 per
1436 4103 1579 4145 censuram
1602 4087 1820 4145 ecclesiasticam

188 4185 230 4230 ter
247 4173 393 4242 irruentes,
416 4185 443 4230 ct
471 4191 567 4233 tirannus
588 4179 754 4234 temerarias
774 4179 926 4249 injicientes
947 4181 976 4237 in
1026 4183 1205 4255 appellatione
1221 4189 1323 4237 remota
1336 4180 1452 4251 cogatis.

186 4268 293 4338 ipsum,
319 4268 460 4337 qurermlam
486 4267 624 4324 bominem
647 4283 736 4335 suum,
761 4283 842 4339 utrem
866 4280 977 4342 propter
1062 4275 1160 4330 liatum
1172 4273 1311 4339 Laterani,
1325 4270 1395 4329 Noa.
1408 4272 1524 4343 Aprilis,
1540 4271 1717 4342 pontificatus
1731 4271 1820 4335 nostri

187 4373 281 4413 corum
299 4357 429 4412 soritium
444 4357 565 4412 brachiis
580 4358 692 4414 tenebat
706 4359 823 4428 propriis
838 4359 976 4431 ampleru-
1026 4362 1340 4433 anuorlccinaoquinto.
1400 4372 1403 4376 “

188 4461 254 4514 tum,
270 4461 367 4518 capere
380 4457 608 4518 presumpserunt
618 4455 647 4504 ot
660 4457 742 4505 arctae
754 4449 886 4506 custodiae
898 4465 976 4506 ruan-
992 4475 1016 4532 D
1368 4455 1475 4513 llllllll.

185 4543 321 4613 ciperani·
337 4541 405 4598 Cum
419 4543 500 4613 igilur
518 4543 585 4608 baec,
600 4541 623 4597 sl
638 4555 702 4596 vera
723 4549 795 4608 alini,
809 4556 863 4597 που
876 4542 975 4598 debelt-
1027 4563 1125 4604 anatra
1150 4561 1308 4602 uonnsraurr
1335 4562 1429 4603 saacrr
1455 4561 1588 4610 serenam,
1612 4561 1725 4608 sausoure
1749 4559 1818 4599 rua·

185 4647 247 4688 mus
272 4633 480 4695 conniventibus
502 4633 589 4689 oeulis
609 4633 792 4704 pertransire,
817 4633 973 4690 discretioni
1064 4653 1159 4694 rursus
1172 4653 1226 4692 rara
1241 4651 1428 4693 suaseramus
1442 4651 1512 4700 outa
1528 4649 1643 4696 rorunrs
1660 4647 1819 4688 asuunanarr

185 4737 348 4797 rmtraeapcr
361 4726 507 4796 apostolica
530 4725 632 4798 scripta
658 4728 818 4784 mandamus
841 4736 974 4798 quatenus
1065 4744 1146 4785 aaran
1165 4743 1303 4785 enorassrs
1321 4744 1348 4783 m
1365 4741 1536 4784 geaneruun.

185 4819 293 4875 coeatis
307 4819 353 4888 qui
368 4817 622 4886 lucrinterocandi,
638 4827 668 4873 et
687 4819 814 4889 inquisita
831 4819 935 4888 plenius
947 4827 976 4876 at
1184 4819 1222 4873 lie
1241 4809 1440 4887 confirmatione
1452 4817 1659 4887 privilegiorum.

185 4911 295 4980 cognita
306 4911 429 4976 veritate,
445 4910 516 4980 quod
529 4907 689 4965 canonicum
702 4907 785 4965 luerit
795 4907 975 4979 appellatione
1236 4911 1387 4984 (Laterani,
1401 4927 1439 4964 ιιι
1449 4908 1510 4964 llal.
1523 4907 1608 4977 llaii.)

185 5001 339 5072 postposita
352 5002 486 5066 statuatis,
503 5003 634 5059 iacientes
652 5001 722 5073 quod
741 5001 915 5055 decreveritis
927 5013 975 5069 per
1064 5002 1119 5058 Pia
1132 5000 1276 5072 postulatio
1286 5000 1444 5065 voluntatis,
1460 5009 1525 5064 etc,
1541 5013 1622 5068 arque
1635 4995 1819 5054 indubitanter

183 5085 329 5147 consuram
343 5092 554 5149 eeclesiasticam
571 5094 685 5148 lrrmitcr
700 5093 849 5147 observari.
865 5091 893 5148 st
910 5105 974 5144 vcro
1029 5102 1161 5148 assumat.
1177 5091 1343 5162 Eapropter,
1358 5089 1448 5145 dilecti
1463 5088 1490 5142 in
1512 5087 1626 5144 bomine
1645 5085 1704 5153 dlii,
1719 5090 1819 5141 restris

183 5185 263 5240 nobis
287 5184 441 5240 constiterit
468 5186 502 5240 dc
523 5185 668 5256 injectione
694 5199 822 5239 mariarum
846 5185 972 5252 violenta,
1026 5179 1109 5251 iustis
1126 5179 1351 5251 postulationibus
1372 5178 1520 5234 clementer
1533 5175 1690 5243 annuimus,
1707 5185 1818 5247 etpre-

183 5277 273 5333 dictos
293 5276 439 5348 sacrilegos
456 5277 740 5348 tandiuappellaticno
752 5287 854 5332 remota
865 5291 974 5333 cacum·
1029 5273 1114 5328 latum
1128 5271 1321 5328 monasterium
1337 5270 1431 5326 Sancti
1448 5268 1543 5325 Severi
1558 5281 1573 5321 a
1587 5266 1665 5323 bonae
1680 5267 1819 5323 memoria

183 5369 340 5423 manicatos
361 5351 467 5438 publice
489 5369 620 5424 nuntietis
636 5377 663 5422 et
677 5367 783 5422 laciatis
800 5368 834 5422 ab
851 5367 974 5421 omnibus
1028 5364 1164 5422 Willelmo
1175 5362 1265 5420 sancii
1276 5361 1413 5433 quondam
1423 5358 1577 5416 wasconiae
1585 5356 1747 5427 comitc(3ll
1759 5355 1806 5413 lrtn

178 5458 287 5534 ‚arodus
309 5458 416 5524 evitari,
436 5459 522 5513 donec
542 5473 622 5528 passo
648 5457 773 5526 injuriam
793 5455 975 5512 satisfecerint
1029 5460 1132 5526 datum,
1148 5469 1176 5514 et
1195 5458 1276 5514 beato
1298 5454 1379 5511 Petro
1394 5455 1428 5510 ab
1448 5452 1543 5510 eodem
1566 5449 1666 5505 comite
1686 5454 1817 5519 perpetuo

183 5559 380 5620 conpetenter,
395 5557 422 5604 ct
441 5565 501 5605 cum
524 5559 675 5606 uestrarum
700 5549 856 5606 testimonio
870 5546 974 5602 littera·
1026 5544 1088 5615 jure
1100 5549 1231 5616 oblatum,
1247 5548 1281 5603 ad
1294 5545 1432 5617 exemplar
1445 5543 1532 5602 lelicis
1547 5539 1687 5598 memoria
1700 5537 1817 5598 Pascitu-

222 5723 280 5800 lil)
302 5723 369 5794 Vide
384 5727 431 5784 lib.
447 5745 494 5786 rm
506 5769 514 5798 ,
526 5729 597 5787 llirt.
614 5730 713 5789 bearn.
732 5727 880 5805 captui
898 5728 993 5788 charta
1009 5723 1317 5800 laudationisrelertur.
