4109 6325
263 297 332 355 tuat
943 288 1141 349 le'OCENTll
1159 292 1264 349 liter.
1825 296 1893 353 lotz

263 415 547 473 naiarxsidoncitassen
556 410 912 481 dignitaseleetaepersona,
929 409 1052 480 imoplus
1066 412 1090 465 Δ
1103 422 1163 462 nam
1179 406 1326 466 Ecclesiam
1340 408 1753 482 decracialnitspeeialitcrpro
1764 410 1893 470 scelesta

262 521 343 575 uuam
358 506 516 575 eligentium
535 515 664 558 nutrieras
683 504 719 557 sit
740 501 766 555 in
788 502 886 557 talibus
908 500 1052 557 attenden-
1103 500 1258 557 defensione
1273 502 1444 567 translatunn
1458 502 1585 568 finaliter,
1594 501 1728 573 paria,etsi
1740 502 1804 559 alibi
1815 521 1894 562 coro·

262 599 322 661 tlrrs,
339 610 389 653 nec
407 604 513 650 tantum
531 593 670 665 pluralitas
684 593 772 665 aprroad
783 592 991 659 narmerrrnr,sed
1006 608 1051 647 sa·
1103 606 1164 647 nam
1175 594 1249 665 regni
1258 593 1381 663 recipiat,
1392 594 1580 665 abapostuliea
1595 602 1685 649 tamen
1699 595 1763 651 sede
1770 596 1892 653 ultimarn

184 714 191 723 ·
261 689 375 743 lnbritas
392 687 480 755 nrroad
505 672 648 742 consilinm
666 685 693 740 in
715 684 875 756 eligentibus
886 686 1050 754 requiratur,
1103 696 1200 739 mantas
1227 684 1427 754 impositionem
1454 692 1482 739 et
1509 699 1639 740 coronam
1668 687 1774 757 imperii
1797 689 1894 760 recipit

225 797 229 805 ·
260 787 288 833 et
305 774 370 833 Otto
387 777 474 846 magis
495 775 533 831 sit
550 775 663 830 irlorreus
689 775 722 829 ad
741 775 889 846 regendum
907 774 1051 845 imperinm
1102 772 1259 842 imperator.
1282 773 1358 829 Unde
1373 774 1464 830 audito
1482 774 1618 845 quoaadam
1637 778 1708 845 pared
1732 785 1793 833 vola
1811 780 1890 848 prin·

259 867 1051 939 qrtaml‘bilippns,curnbonrinnsetiarnpuniatpeccata
1102 864 1192 933 cipum
1225 864 1251 918 iu
1285 865 1456 933 imperatoris
1487 866 1602 921 luissent
1629 867 1763 923 electione
1791 870 1890 935 dirisa,

195 975 201 985 ⁸
259 967 366 1026 ptalrunx
383 958 410 1012 in
427 957 498 1014 lilios
511 973 596 1028 nsque
611 957 637 1013 in
654 958 762 1013 tertiam
774 968 802 1014 et
815 968 940 1029 quartarn
955 974 1052 1031 proge·
1103 962 1179 1009 tanto
1200 953 1402 1021 nangisiaimns
1426 957 1460 1011 de
1485 958 1606 1028 ipsorum
1629 957 1765 1013 diuisione
1791 958 1892 1014 turiani

259 1048 332 1101 niem
346 1047 428 1103 iubis
448 1048 494 1118 qni
512 1050 714 1111 oderuntenm,
728 1049 816 1114 idest,
833 1050 859 1103 iu
879 1050 924 1103 bis
942 1050 988 1119 gari
1003 1066 1052 1119 pa·
1102 1056 1204 1115 girante
1230 1048 1316 1103 boarns
1341 1056 1429 1103 status
1451 1036 1556 1118 imperii
1583 1064 1615 1104 ex
1636 1052 1729 1104 causis
1753 1051 1893 1119 praedictis

261 1150 334 1194 rrum
350 1150 462 1209 peccata
481 1151 641 1210 requirantur,
658 1152 685 1195 et
699 1140 1050 1211 Plrilipprrsprogenitorum
1101 1135 1245 1201 specialius
1259 1137 1292 1189 ad
1306 1150 1355 1191 raes
1366 1146 1481 1205 spectat,
1507 1146 1536 1191 et
1549 1152 1598 1208 pro
1626 1138 1718 1193 rraraltis
1742 1147 1769 1192 et
1785 1140 1894 1208 magnis

259 1246 370 1285 auorum
387 1239 499 1301 peccata
517 1232 545 1285 in
560 1230 690 1288 Ecclesiae
704 1231 894 1301 persecutione
909 1242 1049 1301 moriatur,
1102 1224 1311 1281 tuccessitatibns
1325 1221 1415 1297 populi
1432 1227 1580 1282 Christiani
1597 1242 1649 1283 non
1664 1228 1753 1293 solnm
1768 1229 1891 1285 Ecclesia

258 1337 329 1383 crarta,
343 1321 395 1375 'etsi
406 1337 459 1379 raon
473 1324 620 1377 debeamus
631 1323 744 1377 reddere
756 1323 826 1377 mala
840 1337 889 1391 pro
903 1322 989 1383 anulis,
1003 1322 1051 1376 sed
1104 1316 1231 1372 devotum
1245 1318 1346 1375 babere
1360 1318 1500 1375 desiderat
1524 1318 1706 1386 defensorem,
1732 1324 1819 1375 sedet
1839 1322 1893 1376 iur-

259 1410 422 1467 benelacere
448 1409 689 1468 naalelacicntibns
709 1412 803 1475 troicis,
820 1428 873 1467 non
893 1422 983 1466 tannen
1004 1412 1051 1466 de·
1101 1408 1206 1476 perium
1234 1416 1319 1463 lotum
1342 1408 1466 1480 indigere
1479 1410 1655 1479 cognoscitur
1681 1410 1776 1466 idoneo
1792 1414 1891 1481 prori-

260 1499 371 1554 bcamus
394 1500 526 1555 bonorem
546 1515 597 1569 pro
622 1502 720 1568 insiticia
743 1504 770 1555 in
796 1502 840 1556 lais
858 1503 905 1570 qaai
926 1501 1049 1557 insolita
1100 1512 1172 1553 sore.
1190 1498 1299 1563 ilerum,
1315 1508 1555 1569 quantumcunque
1566 1514 1651 1570 graue
1666 1504 1742 1557 nobis
1752 1505 1891 1559 existeret

260 1602 437 1659 perseverant
451 1591 555 1646 malitia
568 1606 749 1660 compensare
760 1598 807 1645 ant
817 1600 914 1647 corrtra
933 1607 984 1646 nos
1003 1606 1050 1647 ar·
1100 1598 1128 1644 ct
1150 1590 1293 1645 molestum
1326 1590 1399 1659 quod
1430 1590 1536 1662 imperii
1562 1591 1682 1659 provisio
1708 1592 1892 1651 ridebatnrin

264 1684 718 1749 rararclurentes,catarrllurninns,
745 1692 775 1737 nt
794 1682 974 1755 contunderet
993 1683 1050 1739 lor·
1101 1694 1244 1736 cornnrune
1261 1678 1400 1751 religionis
1421 1679 1585 1736 Gluistianae
1599 1682 1769 1753 dispendium
1794 1700 1827 1742 ex
1841 1689 1887 1741 tali
1962 1754 1971 1761 .

261 1778 311 1841 tia,
328 1776 441 1831 bomilia
457 1777 572 1848 elegisse
595 1776 711 1845 legatur,
733 1785 826 1845 utpote
847 1777 893 1847 qui
914 1776 997 1831 llarid
1019 1777 1047 1831 in
1067 1741 1233 1829 ΒιΙΙιίεῑοιιε
1248 1770 1361 1839 differri,
1390 1787 1424 1827 nc
1446 1783 1536 1829 tamen
1559 1774 1712 1845 principum
1728 1776 1889 1848 dignitatem

257 1882 349 1937 regent
365 1868 399 1923 de
418 1868 594 1936 postletantea
615 1869 733 1939 accepit,
753 1869 860 1923 ridetur
882 1870 954 1939 qnod
975 1878 1002 1924 et
1016 1869 1047 1923 li·
1106 1862 1285 1934 ignorarenel
1305 1862 1403 1918 laedere
1415 1862 1580 1928 videremur,
1596 1863 1818 1934 exspectavimus
1838 1870 1894 1922 ali·.

257 1967 329 2022 seat,
343 1958 440 2013 doceat
460 1967 489 2013 et
506 1960 634 2029 expediat
656 1960 706 2030 ipsi
727 1957 848 2016 latorem
869 1959 1047 2030 apostolicum
1100 1953 1219 2024 quandiu
1238 1952 1261 2009 si
1282 1952 1373 2008 lorsan
1393 1952 1444 2022 ipsi
1465 1952 1507 2009 usi
1522 1954 1637 2011 corrsillo
1656 1955 1769 2021 saniori,
1786 1955 1829 2011 rel
1842 1972 1892 2023 per

162 2111 167 2119 ,
256 2050 396 2105 exbibete.
416 2050 498 2107 absit
509 2052 587 2105 'enirn
608 2060 639 2105 ιιι
654 2052 809 2108 deseramus
825 2053 928 2108 bortrini
952 2063 1047 2110 eortlra
1099 2042 1213 2113 seillfflb
1227 2043 1249 2098 ³5
1262 2042 1431 2113 simillima,
1448 2043 1611 2099 dlssillsssifflti
1626 2058 1683 2099 ⁵⁰²⁰
1703 2045 1784 2100 sslissm
1803 2047 1892 2117 impo-

259 2142 344 2195 beurn
356 2151 403 2197 aut
417 2142 563 2197 timeamus
573 2140 676 2197 rultnnr
688 2144 818 2213 potentis,
828 2144 1046 2199 carrucandum

256 2231 415 2300 Apostolum
433 2246 486 2289 non
506 2233 624 2303 salumn
645 2236 729 2300 malo,
748 2236 796 2290 sed
812 2236 846 2290 ab
862 2234 937 2291 onrni
956 2235 1047 2304 specie

255 2322 327 2377 rarala
348 2337 397 2380 nos
414 2334 538 2395 oporteat
556 2326 705 2383 abstinere.
725 2326 863 2397 Scriptum
885 2336 928 2382 est
948 2327 1044 2381 enim:

255 2410 470 2484 dormiremus·
484 2416 593 2484 coralidit
603 2418 630 2470 in
639 2417 752 2481 bominac,
767 2426 791 2470 et
800 2416 848 2486 put'
858 2417 1046 2485 porriiturnertt

255 2503 391 2559 brachium
408 2521 485 2560 auum
501 2503 567 2575 (der.
585 2507 663 2576 urat).
682 2505 738 2561 Nos
759 2506 889 2577 igiturex
909 2508 1046 2578 praediclis

254 2595 347 2650 causis
366 2610 415 2665 pro
433 2611 518 2665 puero
534 2610 587 2652 uon
608 2598 746 2653 caedtanns
764 2600 943 2655 insistendum
966 2612 996 2657 ut
1011 2604 1053 2658 ad*

255 2700 374 2755 praesens
387 2687 485 2743 debem
500 2688 643 2756 imperium
661 2688 798 2745 obtinere.
821 2690 970 2747 Personam
980 2709 1046 2750 rere

254 2777 373 2847 l'bilippi
391 2786 504 2846 propter
521 2776 715 2847 impedimenta
738 2783 857 2851 patentia
873 2783 980 2854 penitus
1003 2802 1047 2841 rc·

253 2868 411 2936 prolramns,
430 2877 459 2925 et
469 2869 654 2925 desistendum
667 2871 693 2926 ci
708 2874 832 2929 ducimus
852 2890 886 2931 ne
902 2877 1045 2947 imperium

1106 2144 1214 2201 necerat,
1238 2140 1281 2191 rel
1300 2150 1382 2205 sarper
1404 2136 1456 2191 lroe
1479 2136 1576 2191 saltent
1601 2147 1725 2193 nostruin
1745 2139 1889 2194 consilinm

1101 2228 1291 2297 implorarent,
1307 2238 1336 2307 ut
1348 2244 1397 2300 per
1417 2242 1511 2284 eorum
1532 2229 1652 2286 studium
1671 2231 1751 2286 nobis
1768 2231 1888 2286 median·

1099 2320 1171 2377 tibus
1185 2321 1331 2377 discordiae
1347 2321 1448 2376 maltam
1463 2321 1536 2378 buno
1549 2323 1702 2379 concordiae
1713 2334 1889 2392 purgaretur,

1097 2422 1126 2467 ct
1159 2426 1259 2481 rugam·
1279 2412 1434 2490 schismatis
1464 2413 1577 2469 unitatis
1617 2414 1778 2485 simplicitas
1797 2415 1890 2471 abole-

1098 2510 1151 2556 ret.
1172 2502 1240 2558 Cum
1262 2510 1352 2557 aarum
1364 2503 1531 2574 exspectatio
1553 2511 1646 2559 neura
1661 2518 1712 2559 nee
1732 2504 1891 2567 bobiense

1098 2594 1182 2660 robis,
1204 2595 1258 2650 iano
1276 2610 1327 2651 nec
1350 2595 1464 2666 imperio
1489 2596 1539 2665 ipsi
1562 2596 1713 2665 prodesset,
1730 2595 1778 2651 sed
1792 2594 1890 2651 obesse

1097 2684 1187 2757 potius
1202 2686 1349 2754 rideretur,
1370 2700 1405 2741 ne
1417 2685 1614 2742 dissimulando
1628 2686 1781 2742 videremur
1797 2684 1888 2754 lartius·

1098 2775 1169 2831 rrrodi
1184 2775 1276 2833 lorcco
1296 2777 1519 2844 discordiatn,ad
1529 2776 1703 2833 concordiam
1719 2790 1768 2833 ros
1780 2776 1889 2833 curari-

1099 2886 1158 2927 mus
1170 2886 1219 2943 per
1230 2872 1336 2929 litteras
1350 2874 1512 2944 apostolicas
1527 2873 1653 2939 invinare,
1670 2888 1736 2943 onas
1756 2872 1790 2928 ad
1819 2872 1889 2927 mal-

255 2957 344 3013 raleat
356 2972 497 3028 usurpare.
514 2960 552 3016 lle
565 2968 666 3016 cetero
679 2975 745 3017 raro
755 2966 887 3033 agendum
904 2981 953 3036 per
973 2966 1047 3038 lega·
1100 2974 1140 3019 tos
1155 2964 1306 3033 principum
1324 2965 1450 3037 aerianus
1467 2964 1634 3035 pervertisse.
1648 2960 1825 3019 Postmodum
1841 2978 1888 3017 re-

255 3060 312 3105 tum
326 3059 448 3107 nostrum
466 3052 537 3122 apud
555 3052 695 3123 principes
716 3065 746 3110 ut
770 3055 819 3109 rel'
833 3060 999 3116 conreniant
1017 3060 1045 3116 in
1098 3071 1129 3113 ro
1143 3058 1235 3114 audito
1256 3060 1327 3129 quod
1342 3074 1391 3129 per
1415 3058 1626 3115 sollicitudinem
1650 3061 1727 3115 bone
1751 3059 1888 3115 nxcrnoriaa

253 3154 398 3211 penetrum
414 3142 559 3207 idoneam,
576 3144 625 3201 rel
647 3159 677 3201 se
688 3145 791 3216 iudicio
803 3159 850 3207 eut
865 3149 979 3208 arbitrio
995 3169 1046 3210 no
1097 3148 1212 3206 Conradi
1235 3150 1431 3222 archiepiscopi
1453 3149 1600 3222 llagumini
1621 3165 1636 3204 a
1655 3158 1748 3206 nostra
1770 3165 1889 3219 praesen·

253 3241 313 3287 stro
324 3234 507 3288 committant.
528 3233 606 3302 Quod
624 3237 649 3293 si
667 3247 794 3295 neutram
813 3240 958 3312 elegerint,
982 3259 1044 3300 cum

220 3374 229 3388 ,
254 3321 300 3376 din
309 3324 575 3393 exspectaverimus,
590 3339 653 3381 cum
667 3331 855 3386 monuerimus
870 3347 917 3387 eos
932 3333 966 3388 ad
979 3349 1045 3390 cou-

254 3411 386 3475 mediam,
398 3428 460 3468 cunt
473 3415 686 3474 instruxerimus
698 3434 746 3475 eos
756 3433 806 3490 per
816 3421 923 3479 litteras
934 3433 962 3478 et
976 3440 1046 3479 trrrrt·

255 3501 323 3557 tium
339 3513 474 3571 murum,
493 3514 521 3562 et
532 3507 677 3563 eorreilinm
693 3520 815 3567 nocuum
828 3513 869 3568 eis
886 3514 1045 3572 duxerimus

252 3595 456 3663 exponendum,
467 3597 648 3652 narioeamnr
662 3613 757 3654 eorum
773 3600 866 3657 luxere
879 3603 1045 3659 discordiam

253 3693 282 3739 et
294 3685 386 3742 nlicere
397 3700 459 3742 cum
470 3686 539 3742 isaia
554 3701 562 3740 a
578 3686 618 3744 Sit
633 3705 687 3759 poc
701 3701 726 3746 ct
742 3695 836 3749 aeritur
849 3697 876 3748 in
889 3696 980 3750 dictes
996 3713 1046 3750 no·

251 3775 316 3830 atria
329 3774 397 3847 (lau.
409 3777 514 3847 xxxta).
527 3792 572 3843 ue,
588 3779 610 3834 si
625 3781 711 3834 secuti
726 3780 859 3840 luerintus
878 3799 894 3838 a
915 3785 995 3856 longe
1016 3797 1046 3842 ut

252 3867 395 3923 rialeamns
410 3867 502 3934 bnena,
514 3884 576 3925 cunr
591 3872 671 3927 retro
690 3874 799 3929 tandem
812 3876 968 3942 reritatern,
985 3892 1045 3947 quse

1097 3244 1133 3298 tla
1158 3243 1298 3299 redeuntis
1311 3243 1509 3314 disposuissent
1523 3243 1662 3313 principes
1677 3243 1711 3298 ad
1724 3241 1888 3313 colloquium

1096 3338 1244 3395 convenire
1277 3349 1359 3406 super
1390 3335 1562 3390 ordinatione
1597 3334 1704 3404 imperii
1734 3334 1888 3397 tractaturi,

1096 3443 1131 3483 ne
1157 3425 1222 3496 quid
1257 3440 1291 3478 ex
1325 3423 1545 3492 contingentibus
1571 3424 1699 3479 annitere
1724 3425 1889 3490 videremur,

1097 3521 1202 3574 litteras
1234 3527 1343 3572 nostras
1370 3517 1403 3570 ad
1429 3531 1477 3572 eos
1508 3531 1556 3586 per
1585 3519 1725 3588 proprium
1760 3511 1888 3572 anutium

1097 3610 1223 3665 darrirnus
1246 3608 1433 3674 destinandas,
1464 3609 1606 3664 conasilium
1627 3617 1753 3663 nostrum
1785 3609 1889 3663 eisdem

1097 3699 1212 3754 lideliter
1234 3708 1410 3767 exponentes.
1436 3699 1663 3764 &sternumenta
1686 3714 1737 3754 racc
1762 3699 1802 3754 sic
1824 3699 1890 3754 bac-

1098 3801 1177 3847 tenus
1202 3789 1273 3845 inter
1299 3803 1347 3845 eos
1369 3791 1468 3845 boatrmr
1484 3792 1637 3846 coucurdiae
1657 3793 1776 3862 potnerit
1789 3807 1888 3860 prore·

1098 3883 1157 3937 nire
1189 3891 1235 3936 aut
1256 3882 1359 3937 utiliter
1380 3879 1653 3953 imperioprprideri,
1674 3883 1888 3938 deliberavimus

253 3959 444 4024 cbristuseat,
457 3974 559 4030 negare
577 3977 718 4032 cogamur,
738 3980 800 4020 cnm
819 3969 957 4038 negotium
973 3968 1046 4024 istud
1097 3987 1159 4028 curu
1171 3971 1300 4030 iratribus
1315 3974 1416 4028 nostris
1439 3973 1505 4043 qnid
1522 3981 1596 4029 esset
1620 3973 1755 4044 agendum
1770 3984 1798 4030 et
1816 3989 1887 4044 nua-

256 4049 485 4121 alilationemlnuu
500 4051 600 4122 capiat,
624 4069 686 4109 curn
699 4055 763 4112 Otto
778 4070 807 4113 ct
821 4073 913 4129 perse
932 4061 1047 4118 demtus
1098 4067 1159 4123 liter
1175 4077 1266 4138 posset
1285 4068 1363 4122 nadis
1388 4067 1592 4124 imminentibus
1619 4069 1735 4123 ebriari.
1766 4069 1887 4123 Tandem

255 4141 355 4199 existat
365 4141 503 4211 Ecclesiae,
525 4153 554 4200 et
576 4160 609 4200 cx
626 4155 741 4218 utraque
755 4160 834 4221 parte
856 4153 947 4208 trabat
963 4155 1047 4224 origi·
1098 4177 1164 4217 rcro
1180 4162 1205 4217 iu
1220 4162 1273 4216 boc
1288 4159 1387 4214 resedit
1401 4158 1556 4224 eonsilium,
1579 4168 1606 4213 nt
1633 4160 1817 4216 renerabitcm
1831 4159 1888 4214 ira-

255 4249 318 4290 nom
333 4249 366 4292 ex
377 4249 478 4306 genero
489 4236 662 4303 devotorum,
674 4255 708 4298 ex
722 4253 800 4310 parte
811 4245 906 4300 matris
918 4246 1047 4303 dedomo
1101 4261 1170 4308 trem
1193 4263 1318 4306 nostrum
1333 4249 1529 4305 Prranestinnm
1552 4249 1718 4320 episcopum,
1734 4251 1890 4320 apostolicae

256 4338 352 4394 regam
368 4325 483 4397 Anglice,
498 4344 533 4384 cx
553 4339 631 4399 parte
644 4333 730 4400 putris
746 4333 781 4388 do
798 4337 923 4406 prosapia
946 4340 1046 4396 ducunt
1103 4343 1177 4399 sedis
1190 4342 1318 4414 legatum,
1336 4341 1664 4412 religioneconupiennm,
1680 4341 1824 4411 praeditum
1840 4341 1889 4395 bo·

255 4415 400 4481 Saturna
416 4419 462 4487 artai
480 4421 719 4479 oannesucctesiae
738 4425 814 4482 lucre
831 4429 973 4495 decutiet
991 4447 1048 4502 spo·
1064 4435 1086 4490 il
1102 4444 1217 4498 aestate,
1246 4447 1373 4505 magnum
1396 4432 1524 4488 Ecclesiae
1550 4433 1596 4487 bei
1626 4433 1789 4498 membrum,
1807 4447 1891 4506 oracta

253 4505 363 4565 dabar
376 4506 525 4571 botbarius
545 4511 696 4580 imperator
709 4529 829 4584 proauus
845 4520 916 4590 ejus,
936 4523 983 4592 qui
1003 4524 1048 4580 bis
1099 4527 1170 4581 inter
1185 4533 1299 4580 caeteros
1326 4525 1424 4578 iratres
1450 4532 1559 4578 nostros
1583 4521 1710 4593 specialis
1736 4523 1888 4578 dilectionis

255 4599 471 4668 proapostolicae
486 4601 560 4656 sedit
574 4602 678 4662 bonore
693 4606 820 4677 apuliam
834 4620 876 4666 est
894 4612 1044 4684 ingressus,
1099 4615 1218 4675 bracbiis
1231 4614 1427 4682 amplexamur,
1452 4623 1480 4668 et
1510 4629 1572 4669 curn
1600 4629 1635 4670 eo
1651 4615 1779 4670 dilectum
1803 4611 1887 4670 lilium

255 4699 285 4742 et
296 4689 323 4744 in
336 4692 467 4759 obsequio
484 4690 613 4747 Ecclesiae
631 4693 761 4752 bourona
773 4699 902 4768 decessit,
919 4704 944 4757 ci
960 4706 1048 4760 urani·
1077 4697 1257 4777 'aringiarum
1284 4703 1439 4774 l‘bilippnrn
1469 4706 1607 4760 auctarium
1636 4714 1770 4770 nostrum,
1799 4705 1886 4759 rirnrn

257 4779 326 4836 lette
336 4780 492 4848 latendum,
506 4795 534 4839 et
545 4785 633 4855 ipsum
649 4789 834 4859 recipiendum
854 4793 881 4848 iu
896 4811 995 4866 regem,
1019 4808 1047 4853 et
1099 4787 1241 4867 paroaldum
1257 4805 1285 4853 et
1300 4798 1458 4863 discretum,
1476 4799 1555 4854 nobis
1579 4807 1607 4854 et
1632 4794 1763 4854 iratribus
1786 4799 1887 4853 unsaris

256 4871 405 4938 pratarissis
419 4874 545 4930 mnitibus
555 4890 617 4944 quaa
634 4894 685 4949 pro
698 4880 903 4939 borroridcentia
917 4885 1048 4944 Ecclesiae
1099 4891 1194 4946 merito
1212 4904 1268 4945 sum
1283 4889 1425 4960 probitatis
1439 4898 1592 4960 acceptum,
1607 4890 1640 4946 ad
1657 4899 1748 4961 partes
1773 4889 1889 4945 Gerana-

259 4961 388 5018 ltomanae
404 4963 503 5022 debent
513 4969 655 5040 premitti,
668 4971 702 5026 ad
714 4986 842 5028 coronam
861 4975 968 5048 inspecii
982 4994 1047 5036 exo-
1098 4984 1204 5038 uiarum
1227 4999 1259 5040 er
1285 4993 1377 5039 nestro
1403 4982 1488 5040 latere
1517 4986 1697 5041 mitteremus.
1726 4983 1795 5052 Quia
1823 4999 1889 5039 reru

257 5059 402 5114 tillim-⁶
1098 5081 1201 5142 sprauto
1221 5073 1359 5142 negotium
1386 5073 1457 5128 islani
1482 5075 1568 5145 magis
1595 5085 1637 5130 est
1659 5075 1789 5141 arduum,
1812 5083 1888 5130 tanto

1099 5168 1215 5238 rrrajores
1230 5175 1259 5222 et
1274 5167 1436 5222 erraturiorcs
1450 5167 1535 5239 exigit
1552 5176 1725 5234 tractatores,
1738 5167 1888 5224 venerabili

1099 5256 1111 5310 l
1112 5259 1177 5313 ratri
1191 5265 1286 5314 nostro
1297 5257 1446 5326 Octauiano
1457 5259 1575 5316 Ostiensi
1584 5261 1724 5332 episcopo,
1732 5243 1890 5330 apostoticae

1099 5350 1172 5406 sedis
1187 5349 1286 5421 legato,
1300 5349 1346 5420 qrri
1361 5359 1423 5421 post
1447 5363 1498 5406 nos
1513 5351 1539 5405 ia
1554 5350 1674 5408 Ecclesia
1699 5351 1821 5406 Rosciana
1837 5351 1889 5406 ob·

1100 5444 1164 5498 tirtel
1179 5444 1294 5512 priunum
1307 5445 1406 5513 locum,
1425 5445 1549 5502 dedimus
1578 5447 1605 5501 in
1629 5446 1764 5502 mandatis
1789 5455 1817 5502 ut
1835 5447 1888 5502 sia

1100 5537 1215 5606 negotiis
1229 5537 1281 5594 illis
1295 5537 1394 5608 unibus
1408 5538 1523 5592 intendit
1537 5538 1564 5592 in
1577 5553 1661 5610 regno
1673 5539 1842 5595 Eraarcornnr
1857 5555 1888 5594 se

609 5154 697 5212 XXX.

255 5257 412 5299 cotomsxsa
427 5260 633 5304 uaeururrscoro
651 5265 687 5306 ει
707 5265 903 5310 sumnucarasts
919 5271 991 5323 saus,
1011 5272 1047 5312 ur

291 5351 431 5394 sestertius
441 5353 511 5396 Vim
524 5355 689 5399 ealdelmus
703 5358 731 5398 tlt
739 5359 894 5403 cotuitttttttil
907 5365 1047 5406 enutritura

290 5443 478 5487 constitutis.

293 5518 411 5590 liecjros
423 5539 475 5579 nec
490 5525 558 5581 alios
571 5528 708 5584 credimus
722 5529 849 5586 dubitare
860 5535 926 5602 quin
940 5535 1047 5606 imperii

258 5609 372 5666 Roraxani
389 5617 508 5682 provisio
526 5619 712 5689 principaliter
726 5632 755 5676 ct
773 5624 890 5680 finaliter
915 5643 964 5682 nos
982 5643 1048 5685 eon-

259 5700 359 5770 tingat3
381 5705 567 5775 principaliter
587 5707 707 5779 quidem,
725 5713 852 5780 quoniam
873 5729 922 5784 per
948 5715 1047 5776 Mana-

1101 5631 1201 5698 poterit
1219 5632 1356 5701 expedire,
1376 5647 1437 5687 eum
1464 5631 1530 5702 ipsis
1556 5633 1659 5704 pariter
1687 5641 1715 5688 et
1741 5646 1789 5702 per
1814 5633 1889 5702 ipsos

1100 5735 1214 5792 nupera
1240 5734 1332 5780 nostro
1358 5723 1442 5782 latere
1457 5725 1595 5782 rescientes
1619 5727 1767 5783 instructus
1783 5724 1888 5798 plenius
