4109 6325
151 307 201 364 nn
611 298 861 357 romrrrcsrus
880 298 973 355 unua
994 300 1063 369 art,
1083 302 1221 361 eumsrr
1240 306 1321 363 tera.
1730 316 1785 373 sor

151 420 191 475 Tu
214 418 341 489 deniqne,
365 416 450 473 lenter
471 417 609 489 episcopo,
630 430 713 484 super
741 424 768 469 te
787 414 857 484 ipsu,
885 422 939 468 etc.
955 416 978 473 t
992 429 1047 487 nuo
1064 418 1114 473 sibi
1137 420 1283 477 terminum
1298 422 1452 493 assignarat
1470 424 1533 481 caro
1556 426 1728 485 multisriris
1742 445 1787 485 re-

186 512 285 567 llatum
305 510 444 575 Laterani,
462 523 487 562 rr
502 507 564 563 ldus
579 506 689 577 Aprilis,
709 505 945 577 pornidcatusno·
996 504 1097 575 ligiosis
1118 514 1146 562 et
1175 510 1369 580 prudentibus,
1393 528 1462 584 qnos
1487 516 1520 570 ad
1547 513 1599 572 iroc
1621 531 1788 575 convocare-

151 602 202 659 stri
219 615 291 658 anno
306 599 515 657 sextodecimo.
994 607 1049 665 rat,
1062 602 1340 672 cameracensium
1362 602 1397 660 G.
1409 604 1556 673 juramenti
1576 607 1707 680 religione
1717 626 1786 666 con·

511 686 582 745 liiii.
972 697 1105 769 ¹tempto,
1127 707 1215 761 nequae
1238 694 1400 763 comparuit,
1424 710 1511 766 neque
1531 712 1609 753 suam
1631 700 1782 756 absentiam

148 798 253 839 succro
266 796 419 848 nsetucnsr,
433 796 469 837 ur
481 795 570 837 rotoni
585 793 679 835 stncrt
694 794 797 836 aconuu
808 793 834 833 tu
845 794 943 835 naaria
992 782 1143 839 excusarit.
1168 783 1258 852 erare
1289 787 1450 855 sepedictus
1473 788 1638 859 episcopus,
1666 791 1787 861 pensatis

183 888 499 941 rsuourusrsnrurcests,
520 890 555 929 ar
572 888 703 931 rrnrure
723 887 942 930 susurtcoaono-
992 874 1190 945 onrntbnsqna.
1203 883 1256 929 tam
1269 876 1356 945 prima
1371 877 1510 948 diuqunm
1531 880 1663 947 secunda,
1676 893 1786 940 serrato

184 980 252 1021 srro
263 979 559 1022 msontcorenourusr.
987 964 1058 1033 iuris
1075 965 1181 1031 ordine,
1193 981 1226 1023 ac
1241 982 1297 1037 prae
1317 966 1403 1023 oculis
1423 968 1516 1024 bablto
1531 969 1579 1025 bei
1601 972 1710 1039 timore,
1724 976 1786 1031 acta

231 1054 271 1109 lle
285 1056 449 1110 correctione
464 1055 620 1109 norinaterii
631 1054 663 1108 de
681 1052 851 1125 lanpeditie.
991 1056 1205 1112 irrerantcoram
1221 1073 1265 1123 eo,
1279 1068 1308 1113 ct
1321 1066 1378 1113 toto
1389 1073 1518 1128 processu
1535 1060 1657 1131 diligenti
1680 1065 1784 1121 delibe-

343 1146 494 1215 (Laterani,
510 1162 536 1201 rt
552 1146 615 1201 idus
627 1145 750 1217 Aprilis.)
991 1149 1100 1202 ratione
1115 1158 1239 1218 pensato,
1252 1149 1287 1205 dc
1300 1149 1416 1205 consilio
1425 1157 1454 1204 ct
1466 1164 1599 1206 conscensu
1610 1159 1666 1206 tana
1677 1154 1787 1225 religio·

182 1237 397 1295 incorrectione
412 1241 605 1295 monacbormn
618 1238 775 1294 monasterii
787 1239 820 1295 de
833 1236 940 1309 Vanga-
990 1252 1084 1293 sorrrm
1095 1254 1177 1309 quam
1189 1239 1259 1307 juris
1271 1241 1550 1311 peritorumomnium
1565 1244 1610 1313 qrri
1623 1245 1802 1312 assistebant

148 1330 213 1386 dila
240 1330 312 1399 piget
329 1345 379 1385 nos
396 1330 512 1387 ulterius
535 1330 643 1387 lironem
672 1344 812 1387 assumere
826 1344 938 1401 operam
991 1328 1092 1396 eidem,
1121 1328 1295 1399 sepedictum
1312 1327 1346 1385 G.
1366 1342 1448 1401 supcr
1471 1329 1505 1385 iis
1522 1330 1557 1385 dc
1576 1332 1676 1401 quibus
1698 1331 1787 1386 luerat

147 1421 188 1479 rel
212 1422 355 1487 laborem;
372 1437 434 1478 cum
456 1424 523 1480 nibil
546 1422 677 1479 lractcnus
699 1423 726 1479 in
752 1437 784 1478 ea
804 1422 939 1492 prolicere
989 1428 1134 1477 accusatus
1146 1435 1195 1491 pro
1211 1420 1335 1476 convicto
1356 1422 1477 1476 decrerit
1497 1421 1666 1485 babendum,
1693 1423 1782 1493 ipsum

145 1512 325 1582 potuerimus,
341 1512 455 1567 multum
473 1512 611 1568 multoties
622 1512 788 1578 laborantes,
803 1520 830 1568 et
842 1510 937 1582 buius·
988 1513 1124 1571 sententia
1149 1510 1289 1568 dillinitira
1312 1512 1492 1583 pronuntians
1518 1521 1646 1585 mantiam
1676 1514 1785 1571 lucreti·

147 1602 218 1658 modi
231 1601 361 1674 Babylon,
378 1616 461 1673 quam
487 1603 578 1659 studio
594 1602 681 1659 malm
705 1602 871 1669 curarimus,
884 1602 937 1659 mi·
987 1622 1051 1663 cnm
1061 1604 1308 1669 condemnandum,
1320 1612 1347 1659 et
1362 1604 1525 1659 sententiam
1537 1604 1564 1660 in
1577 1606 1686 1677 scriptis
1697 1607 1784 1679 redigi

144 1694 218 1751 sime
230 1694 268 1749 sit
281 1703 389 1759 sanata,
407 1695 530 1764 quinimo
553 1711 649 1752 eorum
674 1696 743 1752 adeo
763 1701 936 1767 computrue·
987 1694 1140 1759 iaciens,ct
1154 1694 1301 1749 multorum
1316 1692 1423 1757 aipiilis,
1438 1693 1626 1765 episcoporum
1644 1695 1782 1763 videlicet,

146 1786 202 1839 rint
214 1784 357 1843 cicatrices
376 1784 521 1843 uaticinos
536 1787 617 1843 ctiam
641 1787 725 1842 laicos
738 1787 809 1843 ictor
823 1788 856 1843 ad
870 1801 939 1841 trau·
954 1772 975 1833 li
989 1784 1117 1842 abbatum
1138 1792 1166 1839 et
1184 1783 1447 1850 arcbtttaenmrnm,
1474 1785 1611 1840 reserrari
1638 1786 1783 1841 urunitam.

147 1888 225 1930 seam
241 1884 368 1946 provocet
391 1876 561 1932 corumdem.
578 1875 647 1947 Quia
669 1876 752 1947 igitur
770 1876 842 1932 ierro
868 1891 939 1933 resc-
988 1878 1111 1947 Cunnprc
1125 1876 1196 1931 idem
1212 1875 1246 1931 G.
1261 1874 1434 1945 postmodum
1448 1877 1474 1930 in
1491 1886 1584 1931 nostra
1597 1879 1785 1948 proposuisset

144 1964 232 2019 canda
247 1973 311 2019 sunt
324 1964 433 2020 vulnera
459 1980 520 2035 quae
544 1964 725 2021 fomentorum
746 1982 798 2021 uon
818 1966 939 2022 seritiuut
988 1968 1133 2039 prasentia
1147 1966 1394 2038 constitntnsqnod
1411 1968 1540 2041 praelatus
1560 1970 1703 2040 episcopus
1719 1984 1783 2025 erun

146 2052 321 2119 medicinam,
333 2053 490 2109 discretioni
504 2063 602 2109 restra
616 2070 665 2125 per
675 2054 825 2125 apostolica
837 2054 937 2125 scripta
987 2069 1050 2132 post
1072 2057 1279 2129 appellationem
1292 2058 1326 2113 ad
1340 2072 1389 2113 uos
1415 2058 1602 2128 interpositam
1620 2069 1740 2129 ceperat,
1753 2070 1785 2116 et

144 2144 306 2201 mandamus
320 2154 456 2217 quatenus
471 2155 525 2201 tam
544 2146 575 2201 tt.
590 2147 725 2217 quondam
747 2148 867 2217 ejusdem
883 2147 936 2203 loci
986 2149 1126 2223 praelatam
1136 2157 1267 2219 praestaro
1279 2149 1449 2220 compulerat
1466 2149 1630 2217 rotationem,
1648 2150 1737 2206 nitens
1750 2166 1782 2207 se

143 2237 281 2306 abbatem,
296 2254 377 2309 quom
393 2238 613 2312 archipresbyter
625 2240 749 2297 liniensis
761 2250 790 2299 et
803 2242 937 2312 conjudex
987 2239 1175 2311 multiplicitcr
1190 2254 1334 2308 excursare,
1358 2255 1408 2296 uos
1432 2241 1605 2299 attendentes
1628 2240 1699 2312 quod
1722 2257 1782 2306 ros,

143 2330 229 2400 ipsius
248 2332 334 2386 nostri
358 2332 520 2388 auctoritate
534 2332 655 2387 mandati
671 2348 686 2389 a
702 2334 834 2404 regimine
852 2333 937 2405 ipsius
986 2330 1087 2387 iratres
1115 2331 1322 2402 arctteptscope
1335 2346 1369 2388 ac
1388 2330 1526 2402 episcope,
1551 2347 1613 2387 carru
1641 2333 1783 2389 cardinale

143 2430 302 2485 monasterii
318 2436 492 2495 amoverunt,
508 2443 590 2499 quarn
606 2428 688 2484 ctiam
713 2430 862 2485 monacbos
876 2430 937 2485 uui·
986 2425 1115 2495 praedicto
1126 2440 1158 2481 ea
1173 2423 1321 2496 quocirca
1335 2424 1544 2493 ipsumlueraut
1559 2426 1719 2495 irrqrrirenda
1734 2442 1782 2496 pu-

142 2535 239 2577 rersos
254 2536 304 2592 per
318 2520 371 2576 alia
397 2520 561 2577 monasteria
589 2520 764 2587 collocantes,
789 2520 937 2575 rirnmnli·
986 2516 1082 2571 teretis
1106 2514 1212 2586 plenius
1235 2516 1376 2585 indagare,
1397 2514 1518 2572 illumad
1531 2531 1579 2572 ros
1597 2517 1725 2573 drrxinrus
1740 2534 1783 2571 rr·

143 2629 222 2683 quaem
236 2612 390 2684 religiosum
411 2613 491 2669 bonae
506 2611 684 2682 opinioniset
697 2610 770 2676 rita,
791 2609 936 2668 sollicitum
987 2606 1168 2674 mittendum,
1193 2604 1290 2661 darrtes
1315 2605 1393 2661 rolis
1417 2618 1467 2673 per
1494 2613 1602 2661 nostras
1627 2604 1732 2661 litteras
1753 2607 1781 2661 in

119 2730 124 2737 ·
143 2705 170 2760 in
183 2703 380 2775 spiritualibus,
395 2710 423 2759 et
436 2704 463 2759 in
488 2702 680 2773 temporalibus
706 2702 934 2771 circumspectam
987 2698 1130 2770 praeceptis
1146 2706 1187 2765 ut,
1201 2698 1254 2753 uisi
1270 2713 1356 2768 arsque
1373 2698 1406 2751 ad
1418 2697 1516 2754 lestum
1528 2696 1704 2753 l’entecostes
1717 2712 1781 2768 pro·

142 2795 298 2865 praedciatis
309 2794 476 2851 monasterio
488 2793 643 2865 saepedicto,
659 2792 744 2863 qrrod,
765 2806 857 2849 sectam
868 2790 935 2848 riris
986 2789 1062 2846 aiano
1076 2801 1141 2847 tunc
1151 2789 1270 2847 loturum
1287 2790 1314 2843 in
1328 2798 1420 2845 restra
1435 2787 1581 2859 praesentia
1593 2798 1779 2858 corripereret,

141 2886 320 2957 prudentibus
343 2898 371 2942 ct
393 2884 527 2959 religiosis
552 2884 715 2953 assumptis,
739 2884 933 2939 monasterium
989 2896 1072 2953 super
1087 2882 1191 2952 iisqure
1208 2881 1320 2951 sapiunt
1335 2881 1492 2937 haereticam
1513 2880 1678 2949 pravitatem
1700 2894 1778 2934 sitam

141 2977 229 3045 ipsum
244 2976 424 3048 spiritualiter
440 2988 468 3033 et
481 2976 665 3046 temporaliter
684 2990 745 3032 cum
760 2973 874 3031 consilio
889 2989 936 3031 re·
986 2974 1162 3040 sufficienter,
1175 2972 1198 3029 si
1210 2982 1313 3043 posset,
1336 2972 1519 3028 innocentiam
1545 2980 1715 3039 ostensurus,
1732 2986 1781 3027 ros

142 3079 199 3125 stro
213 3069 321 3125 studeat
343 3067 493 3125 reformare
507 3086 515 3138 ;
531 3068 755 3134 contradictores,
770 3066 792 3122 si
812 3066 857 3138 qul
872 3066 933 3123 lue·
989 3066 1097 3123 sublato
1123 3062 1266 3134 cujuslibet
1293 3063 1520 3120 contradictionis
1544 3071 1572 3117 et
1590 3063 1782 3133 appellationis

142 3161 209 3227 rint,
225 3158 266 3217 rel
281 3158 394 3217 rebelles
410 3176 459 3232 per
475 3175 617 3217 censuram
637 3160 866 3227 ecclesiasticam,
885 3175 933 3230 ap-
947 3128 971 3192 c
985 3157 1137 3224 obstaculo,
1149 3153 1317 3214 exerceretis
1326 3154 1353 3210 in
1362 3152 1579 3225 lpsumriporem
1589 3153 1782 3210 ecclesiasticas

141 3253 289 3324 pollutione
311 3254 473 3324 postposita,
502 3262 716 3324 compescentes.
735 3251 812 3325 Quod
833 3253 857 3308 si
878 3267 932 3308 non
985 3254 1153 3327 disciplinam
1168 3254 1241 3324 quod
1256 3254 1279 3311 si
1291 3253 1492 3309 senstcnderct
1504 3252 1706 3323 inculpabilem.
1721 3251 1781 3318 ejus

140 3358 248 3406 orrrucs,
275 3353 341 3410 etc..
363 3344 416 3399 duo
441 3351 580 3412 restrum,
606 3353 659 3402 etc.
685 3343 726 3401 Tu
747 3345 874 3415 deinque,
896 3344 932 3400 llll
985 3348 1170 3406 innocentiam
1198 3359 1370 3418 nequaquam
1400 3346 1515 3416 opprimi
1543 3346 1688 3410 sineretis,
1715 3359 1778 3400 cum

139 3436 237 3501 siecle·
248 3450 330 3507 supet
358 3437 455 3506 teipso,
467 3445 522 3493 etc.
984 3443 1088 3498 sincera
1109 3439 1248 3511 diligentia
1263 3449 1291 3495 et
1306 3438 1430 3512 diligenti
1454 3437 1614 3494 sinceritate
1629 3437 1655 3490 in
1670 3436 1778 3506 negotio

176 3529 274 3584 ilatum
290 3527 426 3594 Laterani,
445 3528 545 3587 raldus
558 3527 834 3602 Aprilpontidcatus
847 3526 933 3584 nostri
984 3533 1047 3590 lldci
1071 3533 1237 3604 processuri.
1264 3529 1357 3601 Nuper
1383 3539 1473 3585 antem
1500 3529 1571 3585 idem
1585 3527 1620 3584 G.
1634 3527 1778 3598 proposuit

139 3637 211 3677 aarum
225 3631 303 3679 serto
316 3623 431 3679 decimo.
983 3639 1081 3688 coram,
1095 3624 1173 3680 nobis
1189 3624 1260 3696 qarod
1280 3623 1391 3694 praelato
1417 3623 1533 3678 termino
1544 3621 1579 3676 ad
1596 3620 1771 3691 praesentiam

490 3711 573 3768 xttt.
983 3725 1103 3772 rostram
1122 3729 1176 3772 non
1187 3714 1239 3769 luit
1252 3729 1335 3769 ausus
1358 3714 1488 3770 accedere
1502 3723 1575 3770 rrrctu
1591 3713 1697 3776 mortis,
1712 3727 1777 3786 opto

138 3820 343 3864 aucutrrrscoro
357 3821 510 3870 senonensi,
524 3822 559 3862 rr
572 3822 698 3863 urrscoro
714 3822 880 3871 nrrrnuurrsr,
897 3821 932 3864 rr
982 3809 1057 3864 aeirus
1082 3808 1201 3864 bdelium
1223 3807 1249 3862 in
1263 3806 1396 3862 baereticae
1408 3806 1552 3876 pravitatis
1570 3805 1632 3862 labe
1656 3814 1778 3876 notatos,

173 3913 277 3956 arcano
288 3913 474 3956 seueasutrnsr
486 3913 599 3956 roccnrt
611 3912 733 3957 canterus
743 3913 845 3956 succan
858 3913 931 3956 rust·
981 3910 1055 3956 esset
1070 3898 1232 3969 inpartibus
1247 3898 1301 3954 iliis
1317 3910 1381 3954 tunc
1403 3898 1534 3968 temporis
1547 3899 1589 3954 sic
1601 3913 1734 3954 accensus
1744 3905 1778 3954 ut

173 4008 239 4048 aar.
981 3991 1107 4048 incendio
1123 3991 1262 4046 traderent
1272 4006 1325 4044 nou
1339 3990 1426 4046 solum
1441 3989 1602 4046 manifestos
1620 3989 1775 4058 haereticos,

53 4083 56 4087 '
138 4081 177 4138 De
191 4084 305 4156 quodem
318 4083 444 4138 carronico
461 4081 621 4153 liupoaenri
643 4093 763 4151 simperto
777 4081 809 4136 de
826 4081 928 4136 laeteri.
980 4084 1027 4140 sed
1037 4084 1119 4138 ctiam
1129 4082 1264 4153 utroslibet
1274 4084 1308 4138 tle
1318 4081 1473 4151 lrup'nsmcdi
1484 4082 1618 4150 pravitate
1625 4092 1776 4152 suspectos.

334 4174 487 4248 (Laterani,
501 4189 526 4230 rr
539 4172 601 4230 ldus
612 4173 734 4245 Aprilis.)
981 4174 1059 4232 Unde
1072 4175 1151 4230 uobis
1162 4173 1302 4230 bumiliter
1314 4174 1477 4245 supplicarit
1492 4183 1521 4228 ut
1537 4174 1659 4243 ejrrsalem
1678 4188 1776 4245 purga-

172 4265 231 4334 (Ἡ)
244 4263 412 4320 Vendibilis
426 4262 511 4320 irater
526 4272 617 4320 noster
629 4260 808 4334 lingonensis
822 4263 930 4333 episco·
980 4267 1083 4325 tionem
1098 4267 1182 4337 recipi
1205 4267 1350 4331 iacientes,
1371 4267 1459 4338 ipsum
1482 4267 1528 4322 din
1547 4267 1682 4324 malitiose
1694 4281 1777 4322 resa·

137 4356 261 4426 pusolim
276 4358 398 4426 qrraedam
414 4356 491 4412 nobis
502 4363 596 4411 eontra
606 4354 638 4410 G.
655 4355 815 4410 canonicum
827 4354 928 4425 Lingo-
980 4369 1036 4416 tum
1048 4375 1102 4416 non
1119 4360 1317 4416 sustineremus
1339 4361 1453 4417 ulterius
1478 4360 1598 4417 indebite
1624 4359 1774 4416 molestari.

137 4467 252 4510 oensem
261 4451 487 4525 presbyterumde
493 4449 611 4506 llusiaco
618 4464 665 4520 per
673 4463 737 4505 suas
745 4447 849 4504 litteras
861 4447 926 4502 inti·
943 4481 966 4537 n
980 4450 1057 4508 licet
1069 4460 1162 4508 cirtem
1180 4452 1304 4508 eumdem
1316 4469 1350 4508 ea
1363 4468 1515 4524 mutuoque
1527 4453 1679 4510 babeamus
1696 4451 1773 4506 raldc

138 4547 292 4618 niaritquac
303 4561 400 4617 sapere
411 4544 736 4602 ridebanturbaercticanr
748 4541 926 4610 pravitatem:
981 4554 1138 4614 suspectum
1161 4543 1233 4614 otrod
1251 4545 1286 4600 ad
1310 4552 1429 4600 rostram
1455 4545 1628 4616 praesentiam
1657 4542 1776 4598 turmine

137 4655 256 4710 ouamm
271 4649 391 4695 tenorem
405 4639 439 4694 de
458 4635 541 4692 verbo
557 4635 593 4692 ad
604 4637 716 4692 verbum
731 4634 819 4698 robis,
830 4631 930 4689 iratres
980 4650 1061 4706 quem
1076 4649 1124 4692 cre
1138 4638 1249 4709 proprio
1259 4636 1310 4692 sibi
1323 4637 1492 4707 praefiximus
1502 4652 1556 4692 non
1570 4635 1698 4698 accessit,
1709 4634 1775 4704 utria

138 4732 343 4803 archiepiscope
363 4740 390 4788 et
412 4732 554 4802 episeopo,
578 4745 612 4787 ac
635 4728 734 4786 dilecto
759 4727 815 4784 blio
835 4735 930 4783 nostro
981 4740 1071 4790 mma„
1103 4748 1157 4790 nnn
1184 4739 1346 4801 congregata
1372 4730 1548 4798 dispergere,
1576 4725 1623 4781 scd
1648 4725 1773 4794 dispersa

138 4824 261 4882 lieberto
276 4825 344 4880 tituli
357 4823 450 4881 Sancti
469 4823 598 4894 Stepbani
615 4823 640 4876 in
656 4819 741 4877 Coelio
756 4829 848 4877 monto
869 4833 929 4890 pre·
980 4825 1070 4896 potius
1086 4838 1251 4896 congregare
1263 4821 1404 4884 debemus,
1425 4817 1582 4873 discretioni
1607 4823 1705 4870 restrae
1724 4829 1773 4885 per

139 4918 251 4988 sirytero
270 4915 411 4984 cardinali,
433 4925 496 4971 trrnc
517 4913 641 4970 Parisius
661 4911 861 4978 commoranti,
878 4909 929 4966 sub
980 4916 1128 4989 apostolica
1144 4916 1246 4985 scripta
1264 4909 1445 4981 praecipiendo
1465 4909 1626 4964 mandamus
1639 4914 1775 4978 quatenns

138 5008 213 5064 bulla
225 5018 317 5064 nostra
340 5009 461 5066 misimus
476 5009 663 5067 interclusum.
679 5007 756 5066 Unde
769 5023 830 5066 cum
842 5007 930 5063 dictus
980 5006 1139 5066 convocatis
1150 5006 1184 5061 sd
1198 5005 1287 5060 locum
1302 5003 1426 5058 idoneum
1439 4999 1552 5071 praelato
1566 4997 1694 5068 episcopo
1705 4995 1773 5052 biu-

138 5097 285 5168 episcopus
298 5101 422 5156 eumdem
441 5109 598 5172 suspectum
610 5103 644 5156 dc
659 5099 754 5156 lamresi
780 5099 927 5163 imbuisset,
980 5099 1095 5172 portensi
1103 5107 1132 5154 et
1140 5097 1200 5154 aliis
1212 5095 1258 5167 qui
1273 5095 1375 5151 luerint
1389 5091 1570 5158 corrrocandi,
1583 5090 1655 5148 circa
1668 5089 1772 5159 ipsum,

139 5189 230 5260 coegit
251 5191 374 5247 eurardem
403 5193 555 5248 cautionem
585 5203 639 5248 tam
663 5193 820 5264 juratoriam
848 5207 928 5262 quam
980 5192 1096 5250 cuirira
1118 5205 1185 5247 roco
1208 5187 1388 5260 praecepimus
1403 5199 1433 5244 ut
1449 5185 1520 5240 inira
1540 5193 1653 5240 octavas
1678 5180 1776 5237 Penta·

140 5279 338 5349 fidejussoriam
368 5281 496 5340 exhibere
524 5285 596 5355 qrrod
628 5285 748 5341 terminis
778 5299 847 5355 quos
876 5284 927 5342 sibi
980 5297 1072 5344 costes
1085 5285 1224 5357 proximas
1246 5290 1357 5354 proptor
1377 5280 1430 5335 boc
1449 5285 1542 5336 restro
1566 5271 1725 5344 conspectui
1742 5284 1774 5326 so

137 5373 293 5444 praedgcret
314 5389 373 5444 erus
395 5390 426 5432 se
450 5377 606 5447 conspectui
634 5387 827 5447 praesentaret,
850 5386 930 5448 prout
979 5387 1137 5451 praesentet,
1151 5373 1299 5434 secundam
1316 5372 1431 5430 lormam
1447 5369 1572 5439 superius
1592 5360 1774 5434 comprehcn-

136 5467 261 5530 deceret,
291 5483 373 5540 super
389 5469 422 5524 iis
439 5469 566 5526 omnilms
587 5483 774 5540 responsurus.
790 5467 843 5524 Sed
866 5483 927 5525 cum
979 5487 1056 5539 sant,
1074 5471 1256 5543 appellatione
1270 5465 1442 5540 postposita,
1456 5457 1627 5534 procedatis,
1640 5453 1728 5510 cidem
1743 5451 1772 5508 in

136 5571 212 5616 ruem
228 5555 451 5634 episcopn'sapud
470 5559 587 5618 liarrum
612 5574 693 5632 super
715 5559 869 5634 Seqtrmmm
885 5563 929 5620 die
978 5563 1082 5633 cundo,
1106 5561 1284 5621 redeundnt
1298 5556 1431 5616 morando
1455 5550 1588 5610 iacientes
1608 5541 1771 5602 auctoritate

175 5740 234 5816 (ll)
249 5743 316 5802 ttae
330 5745 377 5804 lib.
392 5761 447 5818 arr,
471 5747 549 5820 epist.
565 5745 608 5802 ts.
