4109 6325
225 349 230 361 ,
266 292 316 345 ibi
709 284 905 345 lnbeceltrll
925 285 957 341 ltl
976 284 1031 346 PP.
1049 282 1285 339 uesssrontlu
1305 281 1369 339 nte.
1390 281 1460 339 xlll.
1850 284 1909 343 232

267 404 342 470 bont,
361 402 480 459 triennio
492 401 548 470 jam
570 401 662 470 elapso
685 401 711 455 in
727 416 809 470 grave
824 400 943 471 ipsorum
955 400 1060 453 inrom·
1075 409 1096 462 ,a
1114 404 1235 465 tempore
1245 395 1409 465 competenti
1423 396 1492 451 adeo
1508 402 1667 449 constanter
1679 396 1822 465 proposuit
1840 411 1909 468 pro-

268 494 379 550 modum
406 493 499 562 posite
518 492 618 546 luerint
646 491 671 545 in
701 489 1058 561 sequestro,.tnedielatem
1111 488 1240 541 batorum
1253 496 1284 541 ut
1302 487 1386 542 etiam
1400 486 1505 543 soluere
1520 487 1689 556 promisisset
1700 490 1910 557 expensas,nisi

266 604 360 644 carram
377 586 522 641 venerabili
537 584 622 641 lintre
638 594 731 639 nostro
750 582 904 655 patriarcha
927 581 1061 637 Constan-
1111 592 1161 647 per
1173 578 1262 647 ipsum
1276 576 1570 647 exceptiobujusmodi
1591 580 1764 647 probaretur.
1780 578 1911 651 Quapro-

268 680 446 749 tinopolitano
465 676 517 731 sibi
535 676 674 731 viridicare
696 676 803 732 uolente
818 685 913 731 cotnra
929 684 1059 729 statutum

267 769 357 824 dilecti
387 767 432 820 filii
459 766 545 821 nostri
571 765 643 821 Petri
665 766 735 821 tituli
758 765 851 821 Sauracti
867 764 984 821 iiarcelli
999 782 1061 836 pre·

266 860 366 931 sbyteri
391 858 547 922 cardinalis,
569 858 616 927 qui
641 867 706 914 tunc
727 858 896 929 inpartibus
919 857 972 913 illis
988 856 1062 927 lepa-

267 950 348 1007 tionis
362 950 475 1021 intigens
490 950 578 1006 officio
589 962 714 1021 quartam
727 960 832 1022 partem
848 951 979 1020 ipsarum,
997 965 1060 1004 etrtu

266 1044 308 1098 bis
325 1056 385 1111 quae
403 1042 429 1096 in
454 1051 545 1098 castro
573 1041 653 1097 Danii
685 1044 720 1097 ad
748 1040 851 1097 dictum
875 1039 1060 1112 patriarcham

266 1134 368 1203 pariter
382 1144 411 1188 et
424 1134 458 1188 ad
474 1134 577 1189 clerum
604 1132 778 1202 spectabant,
794 1132 883 1187 eidem
905 1130 1061 1187 solvendam

1111 679 1172 740 pter
1186 668 1333 724 venerabili
1354 669 1432 723 lratri
1449 675 1544 723 nostro
1567 668 1762 725 catalaunensi
1776 670 1912 741 episcopo

1111 768 1139 817 et
1158 760 1346 831 conjudicibus
1372 760 1430 816 suis
1458 760 1558 815 nostris
1588 760 1713 815 dedimus
1740 761 1848 816 litteras
1876 763 1911 817 in

1112 853 1247 908 mandalis
1260 862 1290 909 nt
1301 853 1429 923 innatisita
1440 866 1524 923 super
1538 853 1687 922 praemissis
1710 850 1818 921 plenius
1837 854 1912 909 reri·

1112 952 1189 1009 tate,
1208 945 1231 999 si
1257 945 1404 1015 praedictus
1422 953 1584 1013 procurator
1603 944 1629 999 in
1652 945 1814 1014 probatione
1833 944 1912 1001 illius

1112 1036 1280 1106 exceptionis
1293 1034 1422 1090 deiiceret
1435 1050 1517 1105 quarn
1538 1034 1650 1104 objecit,
1669 1036 1719 1105 ipsi
1746 1049 1809 1090 curu
1828 1034 1912 1102 jraxta

1114 1127 1319 1196 promissionem
1338 1142 1414 1181 suam
1442 1128 1468 1181 io
1491 1127 1618 1196 expensis
1642 1126 1721 1182 iactis
1743 1135 1808 1197 post
1826 1142 1913 1183 esce·

267 1224 399 1291 decrerit,
423 1227 556 1281 bactenns
582 1224 679 1290 dividi,
705 1236 787 1294 prout
812 1224 915 1290 decuit,
934 1224 1064 1294 ueqrtive-
1114 1220 1234 1288 ptionem
1248 1219 1399 1287 oppositam
1412 1219 1636 1275 condemnarent.
1658 1218 1783 1290 cannae
1797 1220 1910 1275 dentum

268 1326 341 1373 rant.
356 1316 471 1387 Propter
484 1316 827 1388 quoderearumdeiectn
840 1331 966 1387 anagniam
979 1316 1063 1384 seipsi
1115 1310 1207 1379 elapso
1229 1311 1346 1365 triennio
1370 1310 1441 1366 inira
1466 1311 1538 1381 quod
1565 1321 1728 1380 procurator
1758 1314 1913 1381 praedictus

268 1422 418 1479 queruntur
428 1411 642 1466 necessariorum
654 1411 797 1481 penuriam
811 1412 959 1467 sustinere.
972 1410 1064 1478 Quan—
1115 1405 1297 1474 peremptorie
1310 1406 1410 1459 citatus
1419 1404 1560 1459 rrrtrltoties
1572 1420 1587 1458 a
1598 1402 1737 1472 judicibus
1748 1407 1912 1461 mearaoratis

269 1518 350 1573 quiam
366 1503 479 1558 dilectus
492 1503 563 1558 lullus
576 1504 707 1573 uragister
721 1502 753 1557 B.
768 1513 933 1573 procurator
947 1503 1065 1573 patriar·
1115 1511 1193 1551 suant
1208 1496 1293 1551 noluit
1314 1496 1501 1565 exceptionem
1519 1497 1647 1565 probare,
1667 1504 1695 1549 tu
1721 1505 1751 1552 et
1777 1496 1912 1565 prefatas

269 1597 328 1653 clue
353 1597 472 1667 predicti
493 1596 633 1667 negaverit
649 1596 759 1666 aliquod
784 1594 887 1650 iactum
917 1595 1002 1651 inisse
1016 1610 1065 1665 per
1117 1590 1149 1645 F.
1169 1590 1268 1645 iterum
1284 1590 1310 1645 in
1331 1601 1423 1646 nostra
1448 1592 1569 1646 inissetis
1594 1590 1738 1661 praesentia
1752 1590 1910 1657 constituti,

269 1688 761 1759 eumdemlegatumsuperdicisione
783 1688 937 1757 hujusmodi
960 1688 1066 1743 consti·
1117 1698 1152 1738 ac
1179 1698 1273 1738 coram
1302 1682 1401 1739 dilecto
1433 1682 1491 1738 tilio
1516 1682 1670 1756 llyactaubo
1696 1683 1911 1741 subdiaconoet

271 1790 379 1845 tntum;
403 1780 520 1833 maxime
549 1794 612 1835 caran
638 1780 840 1850 quintadecima
856 1779 976 1834 nondum
990 1786 1064 1835 esset
1079 1750 1101 1805 Β
1115 1776 1253 1847 capellano
1275 1785 1378 1840 nostro,
1403 1792 1485 1848 quaem
1504 1777 1581 1832 robis
1602 1778 1753 1832 auditorem
1768 1778 1913 1833 conemi-

271 1870 399 1927 Eeelesiis
411 1872 550 1941 deputata,
564 1885 615 1927 nec
629 1871 688 1941 ipse
707 1871 850 1943 legationis
867 1870 955 1927 ollieio
967 1870 1063 1943 iunge·
1115 1886 1176 1926 mus
1189 1912 1204 1937 ,‚
1227 1874 1285 1927 buc
1309 1881 1337 1927 et
1370 1871 1424 1927 alia
1449 1873 1612 1939 retulisses,
1637 1874 1728 1929 dictus
1749 1882 1914 1943 procurator

271 1974 346 2021 retur
364 1960 470 2034 quaudo
484 1964 517 2017 ad
536 1978 634 2034 preces
660 1962 823 2018 elericorum
842 1962 961 2017 obtinuit
976 1973 1005 2016 ut
1020 1961 1064 2015 iu·
1115 1964 1255 2033 proposuit
1280 1979 1314 2019 ex
1339 1964 1455 2021 aduerso
1479 1965 1552 2035 quod
1578 1967 1642 2037 naria
1666 1978 1828 2036 procurator
1848 1980 1913 2023 esse

272 2055 339 2110 tuito
354 2053 521 2124 paupertatis
547 2066 644 2107 eoront
672 2052 744 2107 idem
767 2052 922 2123 patriarcba
942 2062 1067 2106 maneret
1115 2053 1234 2109 desierat
1249 2053 1277 2109 in
1301 2054 1352 2110 bae
1373 2069 1472 2121 causa,
1492 2056 1567 2111 etad
1579 2058 1796 2125 prosequendam
1822 2056 1913 2126 ipsam

271 2158 368 2219 quarta
387 2148 555 2203 decimarum
575 2155 654 2216 parte
677 2153 835 2201 contentus.
860 2144 938 2202 Unde
953 2144 1004 2214 ipsi
1019 2144 1066 2199 ‹le-
1116 2144 1239 2201 aliosde
1271 2147 1410 2203 volontate
1433 2146 1546 2218 capituli
1572 2147 1598 2201 ei
1624 2147 1714 2202 inserat
1735 2148 1913 2211 substitimus,

271 2237 825 2308 diurnainmandatisutsiprecescleri
842 2237 957 2292 raritate
973 2236 1066 2289 railun-
1117 2250 1171 2291 non
1208 2238 1350 2293 tenebatur
1381 2251 1464 2307 super
1493 2235 1546 2292 lanc
1579 2236 1693 2292 nlterins
1726 2238 1911 2305 respondere,

273 2340 327 2397 tur,
359 2339 464 2385 statuta
490 2330 657 2386 decimarum
680 2336 709 2383 et
724 2328 882 2398 quintarum
896 2326 1065 2382 decimarum
1119 2327 1239 2383 maxime
1252 2344 1314 2383 cnm
1340 2343 1395 2384 non
1408 2338 1508 2384 esseta
1525 2326 1665 2398 judicibus
1690 2326 1794 2381 ultimis
1813 2328 1848 2380 ad
1861 2343 1914 2380 ιιιι-

272 2421 423 2491 lrnjusmodi
440 2429 519 2490 parte
530 2428 686 2484 contentos,
699 2434 754 2473 non
771 2418 904 2488 impediat
920 2432 970 2473 nec
985 2417 1068 2471 iaciat
1116 2428 1201 2473 stram
1220 2418 1386 2473 audientiam
1400 2417 1566 2489 appellatus;
1584 2419 1630 2488 qtti
1652 2416 1717 2473 licet
1736 2416 1856 2471 noandum
1879 2416 1911 2469 in

272 2513 397 2586 impediri
421 2512 566 2583 nilominus
590 2512 661 2567 idem
677 2511 767 2565 clerus
785 2509 940 2579 assignatas
964 2524 980 2563 a
1007 2522 1067 2563 irre·
1117 2508 1446 2579 raegenoprocessissent,
1468 2496 1558 2563 adbuc
1587 2519 1677 2563 tauma
1696 2521 1909 2576 corumexspe-

272 2613 379 2661 morato
394 2604 482 2673 legato
496 2602 639 2657 cxcisdem
664 2600 817 2671 percipiant
832 2615 893 2655 curn
910 2598 1068 2669 integritate
1117 2602 1241 2655 elabatur
1253 2616 1408 2671 processus.
1425 2601 1653 2672 adiecitinsuper
1677 2601 1750 2671 ‹prrod
1765 2615 1826 2656 cunr
1841 2599 1913 2655 mul·

272 2696 363 2751 debita
376 2695 524 2766 portiones.
552 2692 688 2761 Quocirca
715 2691 874 2748 discretioni
899 2699 998 2746 restrae
1016 2705 1065 2761 per
1119 2701 1160 2749 tos
1178 2693 1304 2749 babuerit
1317 2694 1458 2763 terminos,
1483 2694 1573 2749 nullus
1591 2693 1618 2749 ei
1639 2692 1691 2748 luit
1709 2692 1912 2763 peremptorius

273 2786 421 2856 apostolica
435 2784 537 2855 scripta
554 2784 716 2840 mandamus
726 2793 860 2854 qnatenus
884 2783 908 2838 si
924 2782 1067 2853 ipsequod
1118 2786 1284 2856 assignatus,
1314 2802 1348 2843 ex
1375 2786 1527 2843 abundanti
1554 2787 1714 2856 permittens
1739 2793 1770 2841 ut
1797 2784 1912 2855 inipso

274 2876 463 2930 ananlaaianas
479 2874 629 2945 neglexerit
652 2873 813 2943 adiltrpicre,
831 2886 879 2927 ves
895 2885 957 2927 eum
980 2872 1014 2925 ad
1039 2872 1067 2925 id
1118 2879 1296 2948 procederent
1314 2880 1423 2950 negotio
1449 2888 1531 2951 pront
1556 2888 1628 2934 esset
1656 2878 1914 2951 procedendumde

273 2966 382 3022 sublato
398 2964 589 3037 appellationis
607 2964 750 3021 obstaculo
761 2980 815 3035 qua
829 2964 958 3019 corruenit
975 2963 1068 3018 distri·
1114 2968 1189 3040 jure,
1203 2970 1226 3025 si
1242 2980 1269 3025 tu
1283 2969 1415 3040 probares
1430 2973 1641 3041 peremptoriam
1656 2972 1709 3027 sibi
1728 2971 1800 3028 rbem
1823 2969 1911 3026 luisse

274 3060 365 3114 ctione
377 3060 492 3131 cogatis.
505 3058 581 3126 Quod
595 3058 617 3113 si
634 3071 687 3111 uon
702 3070 809 3122 omines,
832 3066 900 3121 eto,
917 3065 944 3110 ιιι
959 3068 1001 3119 ea,
1011 3052 1101 3153 ira·c
1118 3064 1269 3133 pfaepxum,
1616 3050 1618 3052 ’

276 3159 315 3207 ter
330 3150 466 3222 episcope,
490 3166 551 3205 cuin
564 3165 670 3216 corona,
686 3160 740 3205 etc.

309 3243 408 3298 batam
435 3241 574 3308 Laterani,
597 3259 642 3298 ιιιι
672 3239 734 3297 ldns
758 3241 868 3312 Aprilis,
894 3241 1068 3313 pontilicatus

275 3335 360 3394 nostri
374 3352 445 3394 amm
461 3338 541 3392 tertio
557 3337 672 3392 decium.

628 3429 708 3487 ltbv.

464 3538 588 3579 roureto
602 3538 731 3580 ructensi
743 3537 872 3579 canonico

479 3621 659 3692 Coufirruelur
670 3621 693 3674 ei
712 3619 862 3688 prebenda.

425 3712 587 3783 (Laterani,
615 3727 664 3767 vru
697 3711 758 3766 idus
785 3708 913 3781 Aprilis.)

1155 3156 1222 3214 Corn
1236 3157 1319 3228 igitur
1336 3158 1451 3214 testibus
1477 3158 1532 3214 tuis
1544 3173 1638 3214 coram
1662 3157 1760 3214 eodem
1785 3157 1913 3213 auditore

1119 3253 1268 3322 protractis,
1281 3269 1334 3307 non
1347 3251 1434 3308 solnm
1450 3251 1614 3310 sufficienter
1620 3257 1765 3323 probasses
1779 3268 1830 3324 per
1848 3253 1914 3309 illos

1119 3355 1323 3417 procuratorem
1337 3345 1424 3414 ipsum
1440 3345 1622 3416 peremptorie
1633 3345 1719 3400 luisse
1730 3344 1857 3410 citatum,
1870 3345 1912 3400 ita

1120 3437 1191 3503 qrtod
1206 3451 1253 3490 sex
1268 3435 1308 3492 rel
1322 3446 1424 3504 septem
1436 3435 1621 3491 hebdomadas
1637 3434 1696 3489 sire
1718 3434 1787 3490 dnos
1801 3447 1914 3490 meam

1121 3528 1255 3584 terminus
1267 3528 1466 3597 peremptorius
1480 3525 1660 3584 continuisset
1669 3525 1704 3579 ad
1715 3526 1819 3590 minus;
1831 3526 1915 3595 quin·

1120 3622 1176 3677 imo
1194 3620 1300 3693 iudices
1319 3620 1392 3686 ipsos
1412 3621 1438 3674 in
1461 3635 1557 3674 eornm
1580 3618 1725 3689 praesentia
1748 3615 1831 3673 inisse
1845 3632 1916 3673 corr-

1121 3712 1286 3783 iessosquod
1306 3713 1438 3766 terminus
1454 3711 1499 3767 ille
1512 3711 1649 3767 continuit
1663 3711 1732 3765 duos
1747 3724 1864 3774 menses,
1879 3725 1916 3764 ae

308 3805 457 3862 Cumolim
481 3804 515 3860 do
540 3803 684 3875 prebenda
712 3800 833 3856 'fallensi
866 3797 998 3853 canonice
1027 3797 1069 3854 in-
1121 3805 1291 3876 procnratori
1313 3804 1443 3874 seperate
1456 3803 1560 3858 dixisse
1572 3803 1643 3872 quod
1659 3802 1685 3857 ei
1703 3801 1803 3856 rrrultos
1817 3801 1908 3856 termi-

274 3899 398 3963 restitus,
414 3897 524 3953 stallum
539 3896 567 3951 in
580 3897 664 3952 cboro
676 3902 702 3949 et
722 3907 815 3948 vocem
829 3893 855 3946 in
876 3891 995 3962 capitulo
1016 3905 1070 3946 non
1120 3913 1173 3968 nos
1187 3908 1216 3953 et
1230 3905 1286 3952 tres
1298 3895 1496 3967 peremptorios
1510 3894 1683 3962 assignarant
1694 3892 1728 3947 ad
1742 3893 1915 3962 probandam

277 3992 407 4054 liaberes,
425 3991 458 4046 ad
468 3988 576 4059 judiees
590 3985 837 4058 qraosdamlitteras
847 3999 930 4056 super
942 3985 994 4041 hoc
1007 3999 1071 4054 apo·
1123 3989 1309 4059 exceptionem
1331 3988 1504 4059 predictam.
1532 3985 1605 4041 undo
1626 3987 1677 4041 uisi
1703 4000 1764 4042 earn
1783 3986 1913 4055 probarer

276 4083 389 4139 stolieas
403 4082 555 4152 impetrasti
576 4098 584 4133 a
605 4095 698 4137 coram
728 4078 825 4148 quibus
845 4077 991 4148 capitulum
1007 4075 1072 4130 Tol·
1126 4082 1243 4136 teranino
1269 4080 1426 4151 praelibato,
1442 4079 1596 4133 nullatenus
1615 4091 1701 4153 ,super
1726 4078 1778 4133 boc
1798 4075 1917 4132 ulterius

276 4177 351 4231 leuse
368 4175 491 4240 citatum,
507 4190 555 4244 per
577 4160 707 4230 clericum
727 4171 872 4242 qnearrdam
892 4169 925 4224 ad
947 4179 1071 4224 nostram
1123 4172 1275 4234 audiretur,
1299 4170 1369 4224 idem
1384 4177 1547 4238 procurator
1571 4183 1607 4222 ex
1629 4167 1748 4223 aurerso
1772 4168 1917 4236 respondit

278 4268 342 4324 iecit
371 4267 536 4322 audientiam
562 4265 710 4338 appellari;
726 4280 842 4337 quorum
860 4260 1071 4334 appellationem
1123 4264 1194 4332 qood
1214 4261 1339 4317 reraieudi
1365 4261 1399 4316 ad
1414 4275 1462 4316 eos
1489 4261 1541 4316 iter
1564 4260 1739 4331 arripuerant
1757 4270 1840 4315 testes
1858 4261 1916 4323 sui,

275 4356 382 4425 pollices
395 4359 445 4428 ipsi
459 4358 584 4414 frivolam
601 4367 768 4429 reputantes,
787 4358 813 4410 in
830 4353 996 4426 corporalem
1012 4369 1073 4426 pos·
1125 4353 1246 4425 allegans
1272 4354 1383 4423 insuper
1409 4352 1492 4422 quod.
1509 4353 1560 4407 etsi
1583 4354 1766 4423 peremptoria
1779 4353 1831 4410 sibi
1854 4351 1918 4408 dies

278 4452 427 4508 sessionem
440 4451 524 4522 ipsius
537 4451 691 4522 praebendae
704 4457 730 4504 te
749 4448 878 4504 inducere
891 4455 1068 4511 curaverunt,
1086 4471 1109 4530 n
1125 4447 1209 4500 inierit
1224 4446 1374 4514 assignata,
1388 4460 1442 4499 ιιοιι
1456 4452 1546 4499 tamen
1559 4443 1666 4514 judices
1683 4458 1730 4514 per
1744 4451 1827 4498 totam
1840 4444 1916 4498 diem

278 4541 492 4598 contradictores
503 4540 797 4598 excomnmnicatiouis
812 4539 945 4596 mittentia
967 4537 1070 4608 porcel-
1121 4539 1148 4592 in
1161 4537 1221 4593 ioco
1235 4551 1314 4608 quem
1343 4536 1394 4592 sibi
1413 4536 1586 4606 praefixerant
1609 4543 1815 4605 exspectarunt.
1832 4535 1914 4602 Qarnd

278 4639 379 4694 lentes.
393 4636 458 4694 Post
472 4635 529 4692 baec
543 4647 633 4690 antem
655 4633 702 4689 tibi
714 4643 741 4689 et
752 4633 784 4689 F.
798 4633 990 4688 archidiacono
1005 4631 1070 4686 Tul·
1123 4642 1150 4686 ιιι
1162 4631 1283 4702 probasti
1302 4630 1410 4700 penitus
1434 4643 1495 4684 esse
1521 4627 1632 4692 ialsum,
1659 4628 1834 4682 nibilominus
1851 4626 1919 4681 alle·

278 4729 347 4785 lensi
366 4727 536 4800 procuratori
560 4726 664 4798 praelati
694 4725 805 4797 capituli
835 4733 945 4795 propter
964 4725 1016 4778 boc
1042 4725 1070 4778 in

279 4829 373 4877 nostra
402 4822 545 4892 praesentia
560 4819 727 4884 constitutis,
756 4817 938 4873 uenerabilem
958 4813 1070 4870 fratrem

280 4922 402 4970 nostrum
432 4913 596 4984 Hupolinum
619 4909 774 4968 Ostiensem
789 4909 946 4981 episcopum
960 4921 1072 4963 coraces-

279 5007 364 5064 simus
375 5004 525 5062 auditorem
536 5021 544 5071 ;
569 5019 659 5060 coram
671 5017 725 5073 quo
738 5002 899 5058 sententiam
909 5015 991 5072 quam
1002 5015 1072 5071 pre-

280 5100 345 5156 dicti
369 5097 476 5169 indices
502 5113 553 5168 pro
578 5107 604 5154 te
628 5097 749 5152 tulerant
775 5095 917 5167 postulasti
933 5095 1072 5151 humiliter

280 5189 449 5256 conlirmari,
461 5193 576 5244 ailrersa
594 5189 709 5259 partein
723 5187 890 5244 contrarium
904 5195 1074 5258 proponente

280 5282 351 5352 quod
364 5282 476 5337 minime
491 5281 646 5336 conlirmari
660 5281 787 5346 debebat,
807 5280 923 5350 eoquod
936 5277 1007 5335 idem
1027 5293 1074 5332 ca·

279 5377 396 5446 pitnlunr
408 5375 592 5446 appellatione
607 5390 689 5446 quiam
713 5373 851 5444 interponi
865 5372 966 5428 iecerat
981 5386 1074 5442 perse·

280 5469 401 5538 (praeludo,
412 5469 445 5522 ad
462 5467 642 5522 retrornbilcm
659 5466 771 5522 fratrent
782 5475 903 5522 nostrum
917 5465 1073 5534 episcopum

281 5568 308 5612 et
325 5557 511 5626 primicerium
526 5555 725 5614 virdunensem
754 5559 859 5614 litteras
884 5556 1074 5612 obtinuisscta

284 5655 375 5720 nobis,
392 5669 507 5724 quarum
519 5655 683 5714 auctoritate
697 5665 723 5709 tu
739 5653 937 5719 sententialiter
948 5649 1077 5713 condem-

284 5757 379 5819 natus,
392 5737 512 5804 renmtns
527 5747 618 5804 lucras
631 5763 645 5803 a
665 5746 808 5820 praebenda
835 5745 906 5816 quod
922 5759 951 5802 se
974 5757 1034 5800 roco
1048 5750 1076 5798 et

1121 4723 1268 4794 patrsquod
1283 4723 1320 4776 illi
1335 4722 1503 4792 procuratori
1518 4720 1576 4792 (nui
1591 4721 1614 4776 si
1629 4720 1806 4775 mariansisset
1820 4718 1918 4774 inillis

1122 4818 1245 4888 partibus
1261 4824 1322 4886 post
1342 4823 1510 4871 transactum
1530 4815 1759 4884 peremptorium,
1781 4823 1809 4869 et
1828 4813 1919 4868 trien·

1123 4908 1197 4962 nium
1223 4907 1278 4978 jaan
1310 4907 1451 4976 elapsum,
1478 4904 1551 4960 nttlia
1581 4905 1697 4962 incultas
1723 4907 1918 4975 exceptionem

1124 5001 1209 5073 ipsam
1226 5000 1357 5071 probandi
1382 5001 1416 5054 de
1433 5000 1496 5069 jore
1509 4997 1651 5066 remansit)
1671 5014 1725 5052 nnn
1739 4997 1833 5053 debuit
1843 4996 1918 5054 alins

1123 5089 1568 5161 substitniproeurator.adjecisti
1583 5091 1666 5146 etiam
1691 5089 1763 5158 qrrod
1786 5103 1847 5144 curn
1865 5086 1915 5157 ju-

1125 5186 1198 5242 dices
1216 5201 1267 5239 nee
1281 5185 1445 5240 sententiam
1459 5182 1529 5236 icrre
1541 5183 1650 5251 uellent,
1664 5197 1715 5238 nec
1729 5181 1868 5236 remittere
1878 5182 1916 5236 ad

1125 5276 1301 5345 apostolicam
1316 5275 1406 5329 sedent
1424 5276 1458 5328 de
1473 5289 1601 5344 processu
1621 5289 1710 5329 causae
1739 5273 1915 5343 rescriptum,

1126 5368 1234 5424 deannrn
1247 5368 1294 5422 tibi
1310 5368 1401 5422 taliter
1417 5367 1626 5435 responderunt,
1640 5376 1668 5419 ιιι
1687 5365 1720 5419 ιιι
1741 5362 1916 5433 praesentiam

1126 5472 1247 5515 nostram
1270 5460 1424 5522 accederes,
1441 5459 1504 5528 quala
1519 5473 1601 5511 ratrsa
1613 5457 1733 5511 ‹lebitaun
1758 5456 1839 5509 linem
1854 5468 1917 5510 sor-

1128 5553 1171 5608 tiri
1191 5569 1245 5607 ιιοιι
1258 5560 1366 5623 poterat
1380 5565 1430 5621 per
1440 5549 1561 5605 eosdem.
1578 5549 1653 5616 Quos
1668 5549 1732 5604 licet
1753 5555 1918 5618 procurator

1127 5644 1273 5716 praedictus
1286 5644 1427 5701 confessus
1448 5643 1530 5700 inerit
1553 5643 1593 5698 sic
1612 5642 1725 5708 dixisse,
1738 5640 1855 5711 subjecit
1873 5651 1918 5695 ta-

1128 5755 1189 5797 men
1201 5740 1274 5811 qrtod
1296 5740 1322 5794 id
1344 5739 1453 5795 dentum
1474 5737 1555 5793 iidem
1565 5737 1671 5808 judices
1683 5743 1855 5802 revocarant,
1867 5734 1919 5790 scd
