4109 6325
299 362 348 422 bat
735 365 929 425 tdnousuttt
948 366 981 424 tii
997 366 1051 424 PP.
1072 367 1304 428 REGESTORUM
1322 368 1385 425 Lis.
1405 367 1474 427 xli.
1867 369 1919 428 332

301 483 368 537 ιιιιιιι
381 489 409 536 et
419 482 507 551 raptui
534 479 696 545 cumularet,
715 491 806 548 spreto
824 481 916 537 diuino
928 483 1026 537 timore
1051 490 1078 536 et
1092 489 1116 546 Α
1130 481 1298 540 mentiendo·
1311 497 1340 538 se
1368 497 1429 538 cunr
1455 496 1486 539 ea
1508 479 1708 536 matrimonium
1737 482 1919 542 contraxisse.

300 551 404 619 alrjccta
420 551 571 606 reuerentia
582 550 687 605 ordinis
701 550 844 616 clericalis,
866 552 969 606 detinet
993 552 1081 618 impu·
1132 553 1198 608 Cum
1213 563 1302 607 autem
1324 565 1358 608 er
1371 551 1528 608 testimonio
1545 550 1662 621 plurium
1691 548 1866 620 praelatorum
1892 564 1921 607 et

300 621 362 675 ilice
374 623 400 674 ιιι
412 622 511 674 anirnae
525 634 582 673 suae
593 618 742 688 periculam
756 629 780 674 et
794 635 904 675 enorme
924 621 1080 676 scandalum
1131 622 1248 678 aliorum
1261 621 1406 691 proborum
1422 621 1543 676 virorum
1557 620 1601 690 qui
1614 618 1647 675 ad
1662 635 1769 676 sacrum
1791 621 1920 690 generale

299 689 489 759 plurimorum.
506 688 583 744 Unde
603 703 664 742 cum
680 689 733 744 buc
748 691 780 744 ad
804 691 967 744 erudientium
995 689 1082 745 felicis
1131 690 1278 746 concilium
1294 700 1466 745 accesserunt
1482 689 1567 745 felicis
1580 689 1920 745 recordatiouislunoceu-

299 758 439 812 memoria.
454 758 601 813 innocentii
615 773 692 828 papae
710 759 909 827 predecessoris
922 759 1007 812 nostri
1023 773 1082 827 per·
1133 761 1170 814 tio
1182 773 1257 828 papae
1265 760 1448 828 predecessori
1462 768 1555 814 nostro
1565 758 1642 830 plene
1652 759 1805 814 constiterit
1815 759 1919 814 dictum

300 826 422 882 venisset
439 841 473 882 er
502 827 633 882 relatione
651 829 806 887 multorum,
832 828 888 882 imo
905 843 938 882 ert
957 829 1081 884 testimo·
1131 827 1162 884 B.
1179 828 1467 884 fuissesubdiacomtm
1482 837 1655 884 etcautorem
1673 827 1799 883 Ecclesiae
1811 827 1921 884 Lauda·

299 897 346 949 nio
360 911 431 963 arran
442 899 559 965 plurium
571 897 742 964 praelatorum
754 908 780 950 et
793 899 906 952 aliorum
923 896 974 952 ode
985 898 1081 966 digno·
1132 898 1234 960 nensis,
1248 899 1318 952 idern
1334 907 1423 952 motus
1437 898 1546 962 pietatis
1562 897 1712 953 visceribus
1723 897 1795 952 eirca
1818 899 1920 952 dictam

299 980 360 1020 rum
373 969 419 1033 qui
432 968 465 1020 ad
480 967 607 1036 generale
620 968 763 1021 concilium
778 975 960 1021 etrrrvenerant
985 967 1081 1032 plena·
1132 967 1258 1039 puellam,
1273 965 1417 1036 volensque
1428 967 1546 1022 debitum
1563 965 1703 1037 pastoralis
1716 967 1795 1020 oflicii
1807 981 1920 1036 exsequi

299 1036 341 1088 rie
351 1036 530 1098 constitisset,
547 1036 575 1088 iu
589 1036 729 1106 praefatum
743 1045 892 1101 apostatam
908 1051 956 1090 ore
972 1037 1082 1104 proprio
1132 1047 1226 1093 corrtra
1253 1035 1361 1090 nefandi
1387 1037 1496 1092 sceleris
1517 1045 1754 1105 presumptorem.
1770 1035 1848 1090 boum
1864 1052 1921 1091 nte·

300 1106 590 1160 excommnuicationis
612 1107 776 1159 senteutiam
802 1106 991 1175 promulgarit,
1015 1108 1083 1162 dans
1133 1107 1225 1161 moriae
1248 1105 1372 1160 ilemensi
1395 1107 1597 1177 archiepiscopo
1612 1116 1640 1161 et
1662 1103 1840 1172 suffraganeis
1861 1106 1922 1176 ejus

300 1173 380 1229 robis
397 1176 453 1230 suis
469 1175 566 1230 litteris
581 1176 608 1228 ιιι
623 1175 765 1241 praecptis
784 1185 814 1229 ut
836 1175 937 1229 tiletum
961 1174 990 1227 B.
1019 1191 1081 1231 cum
1132 1178 1189 1232 suis
1215 1178 1289 1232 dedit
1307 1176 1404 1232 litteris
1424 1176 1449 1228 in
1464 1175 1606 1246 praeceptis
1627 1183 1656 1230 ιιι
1673 1176 1832 1244 pradictum
1856 1191 1921 1243 apa·

300 1243 359 1299 suis
373 1244 524 1300 fautoribus
537 1243 652 1315 siugulis
663 1245 757 1300 diebus
769 1244 954 1300 Dominicisei
964 1245 1081 1308 festivis,
1133 1257 1243 1310 statam,
1256 1247 1282 1300 'm
1307 1259 1385 1315 quem
1405 1259 1453 1299 ore
1466 1245 1575 1316 proprio
1589 1261 1636 1301 sua
1652 1245 1776 1314 exigente
1796 1245 1919 1312 nequitia

300 1312 415 1382 pulsatis
425 1315 575 1384 campanis,
597 1324 625 1369 et
635 1313 754 1369 candelis
765 1315 898 1378 accensis,
913 1330 962 1382 per
978 1324 1083 1369 uestras
1132 1313 1419 1370 excommunicationis
1443 1315 1605 1370 sententiam
1631 1314 1688 1382 ipse
1712 1315 1780 1378 tulit,
1806 1313 1920 1384 singulis

300 1381 435 1439 dioeceses
454 1383 722 1439 excommunicatum
739 1381 865 1439 faceretis
890 1383 997 1454 publice
1017 1399 1084 1439 uun·
1133 1385 1228 1441 diebus
1247 1383 1395 1440 Dominicis
1418 1391 1447 1438 et
1460 1383 1574 1448 festivis,
1589 1383 1703 1452 prrlsatis
1723 1383 1874 1451 catupanis,
1892 1393 1922 1439 et

301 1450 365 1508 tisri
381 1456 417 1508 ab
428 1453 556 1508 ominibus
568 1453 671 1508 arctius
686 1453 854 1516 evitandum,
867 1462 895 1506 et
910 1453 969 1509 ioca
981 1455 1007 1507 ιιι
1020 1453 1082 1522 qui·
1132 1454 1253 1510 candelis
1279 1454 1411 1518 acceusis,
1427 1468 1476 1522 per
1489 1467 1553 1508 siras
1573 1453 1706 1508 diteceses
1719 1451 1841 1509 facerent
1854 1469 1919 1507 com

300 1521 353 1576 frus
369 1520 539 1591 praefatusll.
554 1536 657 1576 moram
671 1521 912 1591 facereretpuefla
939 1521 1009 1577 foret
1033 1521 1082 1577 de·
1133 1525 1189 1580 suia
1204 1522 1355 1579 fautoribus
1378 1523 1642 1578 excommunicatum
1664 1521 1770 1594 publice
1800 1523 1920 1576 nuntiari

303 1599 388 1656 tenta,
399 1591 505 1646 etiamsi
520 1592 552 1645 ad
566 1600 656 1660 partes
666 1590 733 1646 alias
746 1599 823 1646 extra
837 1601 941 1647 uestras
951 1592 1084 1646 dioeceses
1132 1593 1168 1648 ab
1181 1593 1307 1649 omuibus
1322 1591 1421 1646 arctius
1435 1591 1603 1656 euitandam,
1614 1592 1673 1646 loca
1689 1593 1716 1646 in
1735 1591 1834 1659 ouibus
1851 1607 1922 1660 prae·

300 1660 505 1725 transferretur,
520 1670 701 1730 supponentes
723 1660 910 1716 ecclesiastico
938 1660 1083 1716 interdicto
1133 1662 1220 1717 (lictus
1234 1661 1263 1718 fi.
1290 1675 1394 1715 moram
1420 1660 1522 1716 laceret
1544 1671 1571 1716 et
1597 1660 1684 1730 puelia
1703 1660 1772 1717 foret
1796 1661 1920 1726 detenta,

302 1744 412 1785 cessare
424 1728 552 1784 faceretis
576 1730 684 1785 iuterim
704 1745 719 1782 a
738 1730 1003 1799 raimundumque
1017 1742 1081 1783 sen·
1132 1731 1238 1787 etiamsi
1254 1731 1288 1785 ad
1311 1740 1402 1800 partes
1427 1731 1494 1785 alias
1506 1740 1583 1786 extra
1599 1733 1672 1800 ipsas
1685 1731 1814 1785 tliteceses
1828 1731 1922 1785 direr-

300 1799 414 1852 tentiam
453 1799 546 1852 tandiu
574 1799 766 1854 iuviolabiliter
797 1801 965 1855 observando
995 1801 1083 1854 donec
1098 1809 1214 1891 Bteret,
1231 1800 1272 1856 rel
1286 1801 1372 1868 ipsam
1387 1799 1455 1853 forte
1481 1801 1642 1864 abduceret,
1660 1799 1789 1855 facientes
1810 1813 1922 1855 cessare

299 1868 371 1920 idem
385 1869 541 1936 praedictam
563 1868 599 1924 it.
621 1867 731 1925 liberam
755 1871 806 1938 ipsi
825 1872 981 1924 restitueret
998 1867 1084 1923 corni·
1135 1872 1242 1925 interim
1257 1887 1270 1922 a
1286 1871 1384 1923 tiiriuis
1399 1871 1485 1926 donec
1512 1872 1580 1924 idem
1595 1871 1625 1925 B.
1647 1868 1785 1938 praefatam
1801 1870 1835 1920 bl.
1854 1868 1922 1924 libs-

259 1937 264 1944 ’
300 1937 382 1998 iisse.
398 1949 424 1990 et
440 1953 558 2006 congrue
576 1936 748 1994 satisfaciens
767 1941 800 1992 de
814 1940 977 2000 commissis,
991 1951 1084 1991 rerer·
1135 1955 1192 1994 ram
1213 1941 1263 2010 ipsi
1276 1940 1430 1994 restitueret
1450 1941 1605 2002 comitissae,
1616 1953 1734 2008 congrue
1748 1937 1919 1992 satisfaciens

299 2014 404 2060 teretur
418 2006 557 2062 biuniliter
576 2010 609 2062 ad
631 2010 866 2064 conversationem
893 2011 1033 2062 irouestam
1058 2015 1085 2060 ci
1135 2009 1168 2065 de
1188 2010 1347 2070 commissis,
1364 2019 1390 2062 et
1405 2009 1506 2062 rediret
1526 2010 1665 2064 frrrruiliter
1687 2009 1719 2061 ad
1736 2009 1922 2062 conuersatio-

300 2077 503 2131 obseruautiam
538 2079 643 2132 ordinis
665 2079 807 2133 clericalis.
834 2077 887 2134 Sed
913 2078 986 2143 licet,
1014 2076 1084 2130 sieut
1136 2095 1195 2134 rrcm
1212 2081 1353 2133 frenesiam
1379 2089 1406 2132 et
1420 2079 1620 2132 observantiam
1643 2080 1747 2132 ordinis
1771 2078 1921 2133 clericalis.

301 2147 442 2202 eomitissa
460 2147 586 2212 prraedictu
605 2149 705 2202 nostris
720 2149 832 2202 artribus
854 2149 1002 2213 intimavit,
1027 2159 1085 2200 tne-
1135 2148 1168 2203 Et
1184 2149 1248 2202 licet
1262 2157 1435 2203 exsecutores
1451 2149 1499 2216 ipsi
1517 2159 1681 2217 pracceptum
1698 2147 1803 2216 predati
1818 2149 1924 2216 irrede-

299 2229 434 2272 motolittit
457 2215 487 2269 Β.
506 2219 768 2272 excuiutiiittilceitttii
802 2219 922 2274 feceritis
951 2213 1083 2278 nuntiari,
1134 2219 1251 2274 cessoris
1268 2227 1295 2272 et
1317 2229 1436 2272 nostium
1456 2233 1537 2286 super
1556 2219 1652 2272 easdem
1678 2219 1787 2286 negotio
1802 2227 1923 2286 posltno-

300 2287 363 2359 qrria
381 2295 471 2340 tarrreu
484 2286 510 2337 in
525 2286 587 2340 aliis
601 2301 654 2339 nort
667 2289 755 2342 mimus
770 2289 932 2343 necessariis
950 2303 1003 2339 nou
1017 2285 1084 2339 estis
1135 2289 1197 2342 ditm
1209 2289 1248 2342 eis
1262 2289 1392 2341 directum
1417 2288 1515 2342 inerint
1541 2287 1672 2352 exsecuti,
1687 2289 1748 2353 utria
1771 2295 1859 2340 iumen
1874 2303 1924 2340 no-

301 2357 942 2425 pteruaricpreceptumepistolicamexsecant,
966 2356 1083 2409 ifleuon
1134 2357 1202 2412 biles
1222 2357 1272 2412 riri
1302 2357 1498 2420 walerannus,
1523 2357 1661 2412 Tierrieus
1689 2359 1722 2411 de
1746 2355 1923 2420 ilerrialis,et

300 2435 340 2480 est
349 2441 474 2480 reuersus
482 2425 515 2477 ad
527 2426 720 2493 percutientem
727 2441 766 2489 se,
776 2425 973 2480 necliuruiuum
982 2425 1085 2478 eterni·
1135 2428 1244 2496 quidam
1255 2427 1300 2482 alii
1315 2427 1512 2491 taruannensis,
1523 2425 1739 2490 Cutrreraeensis,
1748 2434 1773 2480 et
1791 2426 1924 2480 teodteu·

302 2504 378 2549 tuum
394 2494 550 2563 requisirit;
563 2496 609 2547 sed
622 2495 730 2548 comsit
743 2510 842 2550 neruus
859 2494 975 2557 ferrcus,
991 2494 1082 2547 cervix
1135 2497 1173 2551 sis
1182 2497 1327 2551 dioecesum
1340 2497 1463 2550 eumdem
1475 2506 1635 2564 apostatam,
1645 2497 1922 2564 cxcuuuuuutcatum,

300 2563 359 2632 ejus
378 2564 648 2626 etfroussnaamea,
672 2565 826 2618 necdirino
854 2566 951 2619 timore
972 2565 1085 2617 necim-
1138 2567 1227 2620 claves
1244 2566 1370 2620 Ecclesiae
1388 2566 1494 2632 penitus
1518 2575 1747 2629 contemnentem,
1762 2566 1788 2617 iu
1817 2566 1920 2619 malitia

301 2651 383 2691 suano
398 2641 440 2688 est
456 2633 558 2700 pudore
571 2647 716 2700 percussus
730 2645 759 2686 ut
784 2636 826 2688 rel
841 2636 917 2688 sluaa
933 2633 1084 2703 praetende·
1135 2651 1182 2690 sua
1199 2634 1300 2701 latrent,
1317 2634 1485 2703 receptacula
1499 2636 1526 2690 iu
1543 2635 1641 2704 quibus
1656 2635 1756 2690 dietam
1772 2633 1807 2688 ld.
1820 2635 1926 2688 tleiiuet

302 2712 345 2756 ret
369 2701 536 2772 pmrriteutis.
564 2701 680 2770 Propter
709 2703 780 2772 qttod
812 2715 923 2774 prema
945 2702 1083 2757 comitissa
1135 2705 1240 2774 aliaeque
1261 2706 1378 2759 subsidia
1403 2704 1452 2756 sibi
1471 2705 1569 2768 dando,
1595 2714 1621 2759 et
1643 2705 1739 2760 nobilis
1764 2703 1806 2756 ιιι
1829 2703 1921 2758 ιῖιιιιιιι

301 2772 395 2826 dolore
408 2789 441 2824 ac
460 2771 559 2824 rubore
578 2771 690 2825 eortiusa
711 2773 795 2841 gemit
818 2790 847 2828 se
859 2787 981 2828 sororem
1006 2785 1083 2824 suam
1135 2790 1278 2844 ger-tuauus
1291 2775 1409 2844 ejusdcm
1425 2786 1555 2842 apostatae
1575 2790 1607 2829 ac
1625 2775 1735 2844 quidam
1754 2773 1800 2826 aiii
1813 2789 1925 2827 eorum-

301 2856 355 2894 uon
372 2841 492 2909 potuisse
507 2840 639 2895 hacteuus
662 2841 801 2897 rehabere.
816 2843 851 2897 Ut
867 2842 950 2912 igitur
976 2841 1085 2911 grauior
1136 2845 1196 2898 dein
1223 2845 1368 2899 dioecesum
1395 2857 1456 2898 eum
1480 2859 1528 2912 pro
1549 2844 1654 2899 uiribus
1682 2852 1875 2906 ntanuteneut,
1895 2849 1927 2895 et

301 2911 746 2980 poenapungatouempoenitudo
779 2914 980 2966 bat-tenusuon
1009 2924 1084 2964 corti·
1135 2914 1243 2980 qrtidaru
1259 2915 1415 2968 sacerdotes
1426 2925 1455 2968 et
1469 2915 1560 2969 clerici
1582 2915 1668 2968 eidem
1682 2922 1709 2966 et
1731 2911 1842 2965 faruriliae
1866 2926 1926 2965 suar

301 2981 406 3045 paruit,
420 2979 583 3032 fraternitati
608 2991 704 3034 vestre
735 2996 782 3049 per
810 2982 956 3050 apostolica
982 2980 1084 3046 scripta
1136 2983 1249 3051 aliisque
1273 2984 1356 3052 ipsius
1378 2983 1651 3039 faurttoribusinioeis
1677 2984 1702 3035 iu
1726 2983 1825 3047 ouibus
1847 2982 1925 3034 dicta

301 3049 417 3103 firmiter
428 3050 608 3116 praecipiendo
620 3051 920 3120 rttaudamusquaieuus
929 3050 1005 3116 juata
1017 3063 1085 3117 pra·-
1136 3051 1171 3106 bl.
1191 3054 1298 3106 detenta
1327 3053 1438 3116 exstitit,
1467 3068 1519 3106 non
1542 3064 1605 3107 suut
1627 3053 1703 3107 reriti
1721 3052 1808 3104 ιιιιιιιιι
1829 3051 1926 3104 cilicia

300 3119 400 3174 cedens
414 3118 622 3186 praedecessoris
634 3119 718 3173 nostri
743 3131 906 3190 praeceptum
923 3131 1015 3176 coutra
1033 3134 1084 3172 sae·
1138 3132 1237 3177 temere
1250 3122 1398 3191 celebrare,
1417 3123 1576 3191 sepedictus
1596 3120 1817 3192 apostatantem
1832 3120 1925 3174 deliu-

301 3188 439 3257 pedicium
461 3197 610 3254 apostatant
628 3190 734 3246 sublato
744 3192 931 3259 appellationis
945 3190 1085 3245 obstaculo
1099 3161 1119 3220 c
1136 3206 1220 3261 quaeris
1241 3194 1357 3261 irupune,
1373 3192 1530 3249 satisfacere
1541 3194 1647 3261 penitus
1660 3192 1809 3259 rifipcudit,
1826 3192 1851 3243 iu
1865 3205 1924 3243 suae

307 3259 467 3328 procedatis.
484 3260 521 3311 ita
536 3259 606 3327 quod
625 3266 662 3313 iot
679 3268 707 3312 ct
725 3270 798 3315 inrita
821 3261 939 3314 facinora
960 3276 1009 3315 ros
1021 3260 1087 3313 airo-
1137 3262 1288 3331 iuinuiiatis
1304 3264 1450 3331 pertinacia
1473 3262 1632 3317 obstinatus.
1652 3260 1727 3316 Unde
1742 3261 1819 3314 uoltis
1834 3262 1922 3313 conri-

300 3328 398 3381 ruinari
415 3326 545 3397 probetis,
560 3330 734 3383 etcoruitissa
753 3329 863 3397 praefata
877 3346 956 3399 super
967 3331 1018 3384 boc
1033 3344 1086 3383 non
1137 3332 1202 3385 tissa
1218 3332 1327 3399 pradum
1344 3333 1481 3386 luttniliter
1502 3333 1662 3402 supplicarit
1685 3341 1714 3385 tat
1729 3346 1762 3384 ue
1777 3330 1832 3397 ipso
1850 3330 1924 3383 iuter

301 3408 415 3465 cogatur
429 3399 529 3452 iterare
542 3398 801 3468 querelam,nosque
814 3400 1086 3458 rectitudinisrcstrae
1136 3400 1235 3455 trinitas
1250 3402 1398 3471 angustias,
1416 3403 1513 3471 utribus
1541 3402 1709 3471 dignoscitur
1730 3414 1790 3453 esse
1810 3398 1922 3464 afflicta,

301 3468 388 3520 zelum
402 3467 537 3535 possimus
552 3469 650 3521 ruerito
664 3471 864 3523 cotnrnendare.
1135 3484 1168 3523 ert
1184 3470 1339 3524 detentione
1357 3486 1389 3525 ae
1409 3474 1511 3541 pudore
1537 3472 1615 3526 dictae
1640 3470 1744 3526 sororis
1764 3484 1819 3523 suae
1845 3471 1925 3535 igno·

337 3536 432 3590 ilatum
447 3535 632 3606 baraguiae,avt
646 3535 705 3593 ilat.
720 3541 845 3608 Augusti,
857 3539 1028 3609 potitifieaius
1039 3554 1087 3595 no-
1136 3539 1258 3593 ntiuiosae
1272 3540 1439 3596 corifasiouis
1455 3556 1576 3609 respersa
1588 3540 1743 3611 opprobrio,
1760 3539 1787 3591 in
1804 3552 1924 3592 ntoerons

301 3606 352 3662 stri
370 3622 441 3661 aratro
456 3608 553 3676 primo.
1136 3609 1254 3670 deficiat,
1270 3610 1292 3663 si
1303 3626 1355 3663 nou
1372 3611 1497 3663 iraiutcrit
1519 3611 1680 3680 auliuturem,
1693 3610 1726 3663 ad
1741 3609 1924 3677 coanpriureu-

694 3722 703 3739 ,
1136 3677 1197 3732 dam
1213 3689 1342 3747 apostatae
1357 3680 1476 3747 praedicti
1499 3678 1628 3734 natalitiam
1655 3679 1780 3733 insistere
1798 3678 1924 3745 dignare-

670 3720 715 3777 μ’
1135 3761 1206 3800 unu.
1233 3746 1365 3813 Quocirca
1391 3750 1547 3803 discretioni
1571 3758 1668 3804 restrae
1692 3761 1740 3819 per
1770 3748 1922 3813 apostolica

338 3816 477 3874 ilonomus
490 3833 744 3889 episcopusservus
756 3834 896 3875 serrorum
913 3819 969 3881 liei,
980 3818 1086 3874 dilectis
1136 3818 1236 3885 scripta
1254 3818 1411 3873 erarulamus
1429 3827 1562 3887 qttatenus
1586 3822 1685 3873 dictatu
1701 3817 1923 3871 excommunica-

301 3887 467 3944 llliisabbaii
480 3888 572 3942 Sancti
591 3890 792 3953 Bartltoiomtei,
812 3890 894 3959 priori
915 3888 1008 3943 Sartcti
1033 3888 1087 3942 Eli·
1137 3886 1218 3940 tionis
1248 3888 1408 3942 senteutiam
1436 3905 1483 3955 prr
1512 3890 1633 3959 singulas
1663 3884 1924 3953 circumadjacentes

303 3958 352 4026 gii,
369 3968 397 4012 et
410 3959 515 4012 cantori
527 3958 710 4021 boriomeusi,
732 3959 847 4014 salutern
869 3969 898 4014 ei
910 3958 1085 4029 apostolicam
1137 3956 1290 4023 prouincias
1303 3966 1330 4011 et
1345 3958 1476 4013 dioeceses
1490 3959 1602 4027 siugulis
1624 3958 1717 4011 tiiebus
1733 3956 1881 4009 [ιιιιιιιιιιιιι
1896 3960 1925 4009 ei

300 4027 531 4082 benedictionem.
787 4051 790 4056 >
1137 4026 1251 4086 festivis,
1278 4027 1391 4095 pudsaiis
1417 4030 1572 4095 carnpauis,
1597 4038 1624 4083 et
1648 4025 1766 4082 cartdelis
1787 4026 1924 4083 accensis,

337 4096 366 4151 Si
377 4096 474 4151 diriore
487 4098 594 4165 pietatis
606 4098 734 4153 immensa
746 4097 895 4168 benignitas
904 4097 1049 4152 sustineret
1058 4107 1087 4152 ui
1137 4094 1231 4149 tandiu
1245 4095 1350 4150 faciatis
1376 4099 1536 4152 auctoritate
1549 4109 1640 4152 ιιιιιιιι
1665 4095 1822 4151 soieruuiter
1835 4094 1925 4163 publi·

301 4166 334 4222 B.
349 4168 381 4223 de
391 4168 514 4221 liresucs
537 4178 670 4235 arrestata,
686 4169 860 4235 viriniacum,
881 4182 975 4223 ιοιιιιιο
988 4181 1085 4220 ersur·
1137 4165 1269 4229 cari,loca
1286 4166 1311 4220 ιιι
1329 4166 1426 4235 qttibus
1443 4167 1499 4234 ipse
1511 4166 1542 4220 Β.
1558 4182 1661 4221 ιιιοιιιιι
1674 4164 1767 4221 fecerit
1779 4174 1806 4217 et
1821 4163 1924 4217 dictam

301 4248 377 4307 geret
395 4246 423 4290 et
434 4239 594 4291 obscuratus
607 4238 701 4292 iunius
715 4239 832 4308 aperiret
845 4246 874 4292 ut
891 4252 968 4290 stram
984 4236 1086 4304 iniqui·
1138 4230 1173 4288 it.
1205 4235 1321 4289 detineri
1347 4237 1491 4306 eontigerit
1524 4246 1705 4306 supponentes
1735 4232 1925 4287 eeclesiastico

304 4316 388 4361 tatem
403 4310 593 4374 perpenderet,
606 4319 785 4376 cerneretque
798 4306 941 4376 spurcitias
951 4299 1048 4373 quilius
1071 4320 1087 4359 a
1138 4300 1292 4366 interdicto.
1317 4306 1403 4360 ‹ionec
1420 4306 1489 4359 idem
1516 4307 1558 4360 riu
1581 4307 1690 4375 iniquus
1705 4305 1844 4358 aberrare
1859 4317 1923 4365 suo,

302 4376 394 4445 platua
408 4380 577 4445 petimusque
590 4379 623 4429 ad
635 4379 762 4430 uerticem
774 4376 872 4443 carpitis
883 4386 925 4430 est
936 4389 1085 4442 respersus,
1138 4372 1160 4424 si
1179 4388 1192 4424 a
1211 4372 1370 4428 deodatum
1393 4372 1484 4439 luerit,
1511 4376 1680 4446 resipiscens,
1696 4374 1772 4441 juria
1799 4374 1926 4441 prescri-

303 4446 404 4501 iuiisus
418 4448 444 4499 in
461 4446 524 4499 limo
549 4447 685 4513 profundi,
710 4446 846 4500 laboraret
858 4448 949 4501 forsan
965 4445 1085 4499 claumos
1138 4454 1211 4508 ptam
1229 4442 1343 4497 formam
1362 4445 1460 4499 dietant
1478 4445 1512 4498 it.
1536 4447 1586 4511 ipsi
1604 4444 1751 4500 restituerit
1766 4442 1923 4506 contitissae,

302 4516 337 4570 ad
357 4516 500 4571 Dominum
518 4526 546 4569 ut
569 4517 655 4583 ipsum
673 4516 705 4569 de
721 4516 779 4569 lacu
795 4518 909 4572 miseriae
924 4526 950 4571 et
963 4516 995 4570 de
1011 4514 1084 4568 faecis
1099 4498 1305 4568 ”satisfaciens
1330 4529 1447 4584 cntrgruc
1461 4514 1494 4568 de
1506 4516 1675 4579 cornruissis,
1689 4525 1716 4569 et
1731 4512 1763 4565 ad
1778 4525 1926 4565 correersa-

302 4585 361 4641 luto
374 4589 490 4640 educere
504 4585 669 4655 dignaretur.
693 4586 894 4651 Verttmtameu,
908 4585 980 4655 quod
993 4584 1087 4640 dolen·
1139 4581 1238 4635 tionem
1256 4584 1397 4637 irurtestaun
1411 4592 1438 4637 et
1452 4583 1651 4639 observantiam
1673 4582 1776 4639 ordinis
1789 4580 1924 4635 clericalis

304 4666 344 4710 tes
359 4655 511 4718 referimus,
527 4656 679 4708 irrduratum
699 4664 741 4709 esi
765 4670 813 4709 cor
832 4657 932 4725 ipsius;
958 4654 1086 4725 quoniam

302 4734 464 4794 putrescens
477 4725 505 4778 in
517 4736 637 4780 stercore
647 4726 772 4781 sordidus
784 4734 812 4778 ιιι
822 4728 984 4795 jumentum,
994 4730 1086 4777 erecta

303 4797 409 4851 ceruice
420 4797 529 4848 obturat
540 4796 573 4847 ad
589 4797 696 4849 turudum
707 4796 796 4851 surde
807 4796 907 4864 aspidis
920 4810 999 4849 aures
1011 4806 1085 4853 suas,

305 4878 340 4918 ue
357 4863 524 4932 disciplinatu
538 4864 666 4918 exaudiat
690 4874 717 4919 et
744 4866 941 4933 increpationes
964 4864 1087 4916 advertat

303 4936 403 5000 guribus
433 4950 449 4986 a
471 4949 519 4989 sua
534 4935 645 4989 deberet
659 4936 791 5005 ncqrtitia,
812 4934 843 4989 ιι
859 4937 950 4990 datum
974 4942 1046 4987 esset
1071 4944 1085 4983 a

302 5002 428 5066 donnino,
445 5005 577 5061 revocari.
601 5004 713 5071 Propter
727 5006 800 5074 guod
817 5014 908 5073 potest
931 5004 1013 5059 miser
1034 5015 1086 5055 uon

304 5073 443 5130 imnterito
455 5073 602 5129 formidare
618 5090 652 5129 ue
676 5077 730 5130 lieo
745 5085 772 5129 et
793 5074 948 5129 botrriuibns
962 5086 1087 5127 exsecra-

305 5144 369 5199 bilis
380 5146 543 5199 contritione
552 5143 653 5214 duplici
668 5153 839 5207 cottteratur,
855 5143 994 5211 temporali
1007 5153 1086 5209 prena

301 5214 472 5279 uidelicet,ct
484 5223 595 5268 elenu.
611 5213 670 5270 ianr
683 5216 755 5269 euim
778 5216 863 5284 pudor
880 5222 923 5267 est
941 5210 1087 5266 dilectem

304 5284 415 5340 Christo
431 5286 492 5340 illie
519 5284 603 5338 nobili
633 5284 741 5337 nudieri
762 5283 873 5339 icaunae
898 5275 1032 5335 flandriae
1060 5288 1088 5331 et

302 5353 453 5426 ilayrtoniae
466 5355 611 5411 condiisse
624 5355 703 5410 toties
721 5364 848 5422 repetere¹
859 5352 962 5408 sceiera
977 5358 1040 5419 que
1058 5348 1086 5401 -iu

303 5424 362 5493 eius
376 5426 567 5479 corutumeliaru
581 5426 669 5480 dietus
685 5430 806 5492 apostata
821 5424 848 5476 iu
864 5419 979 5478 nobilem
994 5417 1088 5473 mulie-

304 5510 362 5548 rem
374 5494 549 5563 biargaretam
558 5508 678 5550 sororem
689 5490 1087 5563 ipsinsexereuii'tntpttdenier,

304 5563 369 5617 dum
383 5566 452 5618 idem
468 5566 568 5619 dudum
588 5566 616 5620 iu
631 5563 840 5619 subdiaconatus
852 5560 946 5616 ordine
956 5560 1088 5615 coustitu-

306 5641 349 5688 tus
365 5637 488 5688 camdem
507 5634 543 5688 it.
557 5636 628 5690 linea
641 5633 693 5689 sibi
704 5633 946 5703 consanguinitatis
973 5629 1087 5698 conium-

305 5710 389 5765 fifliib
408 5704 434 5756 itt
448 5706 564 5772 osredum
581 5715 673 5761 casim
698 5719 754 5759 suae
774 5704 835 5759 fidei
860 5703 1085 5763 commendatam,

304 5768 491 5829 ltuudtdentcr
514 5776 636 5842 abdrtxit,
655 5775 796 5852 ipsamque
820 5773 921 5831 detinet
935 5774 1086 5833 inhoneste,

1139 4660 1301 4709 reuertatur.
1323 4651 1413 4707 Dictos
1441 4664 1532 4709 autem
1560 4658 1662 4710 ιιοιιιιιι
1679 4664 1705 4709 ei
1719 4653 1788 4706 alios
1802 4649 1924 4705 fautores

1138 4730 1267 4787 apostatae
1288 4722 1447 4791 supradicti,
1472 4738 1575 4779 uecuou
1592 4737 1619 4780 et
1638 4726 1736 4779 dictam
1754 4720 1837 4774 etiarn
1853 4720 1926 4775 llar-

1139 4800 1269 4857 garciam,
1288 4792 1309 4845 si
1324 4801 1401 4846 tanto
1415 4794 1516 4863 flagitio
1531 4795 1638 4848 iuventa
1653 4792 1733 4847 fucrit
1756 4793 1922 4857 consentire,

1138 4873 1188 4913 nec
1205 4860 1305 4914 ruouita
1325 4862 1466 4925 studuerit,
1480 4880 1541 4918 oum
1569 4864 1707 4931 pateriae
1729 4875 1779 4915 suo
1796 4858 1925 4915 recedere

1138 4938 1307 4998 corruptore,
1328 4945 1376 5000 per
1398 4932 1685 4987 erctunmuuicationis
1706 4932 1865 4986 nominatim
1895 4930 1922 4983 in

1139 5012 1280 5066 personas,
1296 5009 1323 5053 et
1340 5000 1367 5053 iu
1396 5011 1481 5056 terras
1497 5011 1524 5057 et
1538 5002 1655 5056 fatuilias
1674 5016 1769 5055 corant
1782 4998 1921 5054 interdicti

1139 5070 1341 5133 esurientius,u
1367 5069 1458 5125 favore
1485 5072 1570 5139 ipsius
1595 5072 1702 5125 sublato
1733 5070 1925 5140 appellationis

1138 5138 1279 5193 obstaculo
1291 5141 1478 5207 corrupesratis,
1499 5151 1526 5195 et
1538 5141 1645 5195 faciatis
1659 5153 1801 5207 utramque
1815 5148 1926 5195 scruten-

1139 5208 1204 5261 tiam
1219 5224 1304 5277 usgue
1318 5212 1351 5263 ad
1370 5208 1582 5265 satisfactionem
1602 5211 1763 5280 condignam
1782 5208 1927 5262 iuviolabi-

1139 5276 1202 5331 liter
1225 5278 1362 5333 obserrari
1378 5294 1385 5343 ι
1401 5278 1528 5345 prelatos
1548 5282 1703 5335 sacerdotes
1718 5288 1746 5333 et
1761 5280 1876 5335 ciericos
1897 5289 1928 5332 et

1139 5346 1217 5412 alins,
1234 5350 1256 5403 si
1272 5349 1317 5417 qui
1341 5347 1431 5403 forsan
1448 5349 1545 5403 similia
1571 5358 1728 5420 perpetrare
1745 5362 1929 5417 praesumpse-

1139 5418 1202 5481 rint,
1218 5432 1296 5489 pmaa
1312 5418 1440 5473 canonica
1457 5418 1564 5475 sublato
1578 5418 1721 5485 cuiuslibet
1731 5417 1929 5471 cotttradietio-

1139 5488 1182 5542 uis
1200 5500 1229 5543 et
1241 5488 1428 5559 appellationis
1440 5489 1580 5544 obstaculo
1595 5488 1772 5557 percellentes
1784 5503 1792 5551 ;
1810 5487 1929 5541 uuanda·

1141 5569 1197 5614 ιιιιιι
1219 5568 1340 5614 ttostrum
1357 5559 1447 5613 taliter
1465 5558 1599 5629 impleturi
1614 5558 1684 5627 quod
1700 5572 1753 5613 non
1767 5556 1880 5626 possitis
1893 5557 1931 5611 de

1140 5628 1303 5697 negligentia
1317 5628 1488 5697 reprebendi,
1503 5638 1530 5684 et
1550 5642 1599 5683 nos
1620 5626 1811 5683 sollicitudinis
1823 5634 1929 5682 uestrae

1140 5699 1256 5754 studium
1270 5698 1359 5765 dignis
1383 5702 1516 5767 possimus
1532 5700 1557 5753 in
1579 5698 1693 5753 Dotttino
1712 5696 1836 5753 latulibus
1850 5711 1931 5750 court·

1141 5770 1280 5827 rutettdate.
1295 5766 1371 5837 buon
1388 5769 1411 5825 si
1433 5784 1487 5827 uon
1509 5783 1604 5825 ornnes
1626 5768 1660 5825 iis
1674 5766 1854 5837 exsequendis
1877 5780 1934 5837 po-
