4109 6325
252 331 305 387 tta
703 329 898 389 tbdodbttrtt
916 332 947 389 ill
966 331 1020 389 l‘P.
1040 330 1277 393 nsdsssrenbtt
1298 331 1361 390 titt.
1382 333 1440 391 xii.
1834 338 1886 397 iii

251 446 394 515 grinorem
413 442 484 517 apud
506 442 643 499 deminum
671 456 770 513 papam
791 460 834 501 me
857 444 1042 513 diffamarent,
1059 450 1082 507 ,t
1096 445 1226 513 bitentur,
1241 454 1332 501 tanren
1348 446 1375 500 in
1396 447 1437 500 eis
1459 444 1565 515 integre
1587 454 1746 503 maneatem
1765 458 1884 507 restmrn

251 538 398 592 veritatem
428 551 481 590 non
506 536 628 599 taceatis,
647 537 694 591 sed
717 537 740 591 si
764 538 825 607 quis
842 546 963 594 restrum
989 539 1042 595 seit

251 632 323 698 quieti
337 642 381 684 res
399 628 520 683 ecciesiae
536 628 649 683 suaerat
666 627 780 685 alterius
795 629 894 685 iuxtire
909 630 951 684 rel
972 630 1042 687 alias

252 719 350 789 injuste
374 717 416 772 rel
440 731 550 788 quoque
567 718 649 774 mode
665 722 832 792 receperim,
857 721 946 791 palam
968 720 1043 777 dicat

251 810 491 879 eoramomnibes,
517 810 544 865 in
563 810 677 867 Instanti
699 813 818 884 dupiicia
836 823 1006 879 recepturus.
1029 831 1039 866 ι

251 900 364 961 Nereine
383 915 449 956 rere
466 901 612 972 prodiente
626 906 698 977 quod
718 906 751 959 de
775 907 833 963 suis
848 906 891 962 rel
909 906 1042 963 ecelesia-

250 1010 309 1050 rum
322 993 471 1064 quidquam
484 997 640 1067 recepisset,
655 999 788 1069 adjunxit,
802 1000 896 1055 dicens
909 1016 917 1055 a
932 1018 942 1053 t
961 996 1043 1055 Sum·

250 1100 322 1140 mam
339 1086 459 1141 tiresanri
476 1102 556 1157 quem
571 1090 605 1146 de
619 1088 731 1145 basilica
753 1090 860 1147 Sancte
875 1091 983 1162 Sopbice
997 1092 1041 1148 di·

250 1191 297 1231 cor
312 1191 397 1247 nsque
420 1178 454 1233 ad
469 1189 578 1234 ceettrm
602 1179 685 1235 millia
706 1196 861 1237 marearum
884 1182 1040 1253 sustulisse,

249 1268 344 1325 decem
369 1277 397 1326 et
420 1280 481 1327 ecto
503 1272 587 1327 miliia
611 1288 764 1329 marcarum
781 1276 887 1332 cunetis
907 1278 953 1348 qui
978 1286 1042 1334 tnnc

250 1371 328 1416 erant
341 1364 481 1420 canonicis
491 1364 674 1435 praesentibus
684 1378 712 1423 et
726 1368 876 1427 scientibus
893 1369 937 1426 rix
956 1369 1042 1428 luisse

249 1462 395 1521 protestor.
526 1447 529 1455 ’

285 1540 374 1614 Super
388 1558 421 1601 ee
435 1555 524 1602 antem
536 1550 608 1619 qnod
623 1549 657 1605 ab
672 1550 834 1621 imperatore
845 1564 973 1609 sexcenta
986 1554 1036 1626 by·

250 1647 363 1707 perpe-ra
382 1638 523 1695 dicebatur
538 1639 638 1710 injuste
655 1644 802 1713 recepisse,
825 1659 940 1709 qnorum
962 1646 1042 1702 resti·

251 1724 391 1791 tutionem,
408 1728 480 1782 sicut
493 1729 520 1784 in
540 1731 638 1785 restris
654 1731 752 1787 litteris
767 1732 971 1800 continebatur,
987 1733 1042 1789 elc-

1092 535 1218 604 presequi
1232 535 1410 591 libentissime
1421 551 1475 590 nen
1487 537 1635 594 omisisset.

1130 624 1164 679 le
1178 627 1298 681 curndem
1310 627 1364 696 [ere
1383 628 1489 682 metium
1505 629 1609 697 scripsit
1634 630 1789 685 aeirersites
1808 633 1886 687 cieri·

1091 732 1182 772 cerum
1198 720 1269 788 apitii
1280 718 1534 790 Constantinopolim
1546 723 1776 780 coetrrterorrtittm.

1452 812 1518 870 eit.

1092 915 1219 957 atraere
1235 916 1362 959 utotsrnt
1381 919 1489 961 uttents
1504 921 1588 962 uisse
1604 922 1638 962 tn
1650 924 1774 965 neutoett
1786 926 1883 969 rnatu.

1262 992 1303 1047 De
1317 996 1421 1064 negotio
1436 994 1498 1063 pidei
1512 998 1540 1050 in
1555 996 1706 1056 Provincia.

1128 1082 1306 1140 sanctissimo
1316 1084 1390 1140 Patri
1406 1097 1434 1141 et
1445 1087 1555 1143 domino
1566 1088 1726 1144 innocentio
1737 1090 1784 1145 Dei
1796 1092 1885 1161 gratia

1092 1188 1197 1231 summo
1208 1174 1328 1245 pontilici
1339 1176 1402 1231 tttto
1412 1178 1523 1234 bemilis
1534 1179 1693 1249 scrrttsejns
1702 1181 1884 1239 voluntarium

1092 1266 1188 1323 debitoe
1198 1266 1335 1323 servitutis
1348 1268 1517 1340 obsequium.
1531 1270 1676 1341 Postquam
1685 1288 1746 1329 eum
1760 1275 1886 1330 exercitu

1092 1356 1259 1429 signatorum
1286 1373 1301 1412 a
1325 1358 1456 1429 Lugduno
1481 1377 1531 1432 per
1548 1360 1723 1418 Pmrinciant
1749 1364 1886 1432 usquead

1092 1447 1386 1519 lientempessnlannm
1399 1454 1530 1522 processi,
1540 1457 1691 1510 reverendo
1701 1454 1774 1510 Patri
1783 1456 1888 1513 Cister-

1093 1540 1178 1595 eiensi
1197 1540 1288 1597 abbati
1311 1553 1339 1597 et
1360 1544 1530 1615 principibus
1549 1548 1637 1601 risum
1660 1546 1711 1601 luit
1737 1548 1886 1616 plurimum

1092 1632 1301 1703 expedircqeed
1313 1634 1347 1689 ed
1364 1645 1464 1690 terrant
1478 1636 1608 1693 nobilium
1621 1639 1743 1693 riromm
1755 1639 1888 1695 comitum

1092 1722 1523 1792 procreataeetrnreatearteasts,
1535 1730 1633 1799 partim
1642 1745 1692 1799 pro
1705 1730 1881 1787 reiormanda

249 1815 301 1871 rici
317 1817 492 1887 requirebant
506 1818 651 1887 instanter,
667 1823 817 1893 respondit,
834 1823 934 1878 nuliius
949 1839 1042 1893 repre·
1057 1824 1079 1879 Β
1093 1816 1241 1874 eoncordia
1262 1816 1335 1873 inter
1350 1832 1409 1883 eos,
1426 1820 1524 1889 partim
1548 1835 1597 1891 pro
1622 1822 1737 1878 collecta
1760 1822 1886 1879 iacienda

251 1904 391 1963 bensienis
410 1917 481 1963 notae
506 1909 540 1965 de
559 1910 611 1965 boe
625 1910 670 1966 tali
691 1912 796 1968 ratione
811 1926 840 1969 se
853 1914 1042 1969 demonstrans
1093 1924 1141 1980 per
1157 1906 1292 1963 ecclesias
1305 1909 1338 1963 ad
1353 1923 1421 1980 opus
1444 1919 1473 1965 et
1497 1912 1649 1969 subsidium
1669 1913 1807 1969 exercitus
1822 1912 1888 1970 iesu

249 1996 408 2063 obnoxium,
423 2008 451 2053 et
465 1999 500 2053 ab
514 2016 608 2057 eorum
621 2004 750 2074 petitione
761 2020 821 2060 sese
835 2006 944 2075 penitus
956 2004 1044 2061 absol·
1093 1998 1341 2066 Citristi,ceicritex
1354 2000 1646 2072 remearem.Crrmqrte
1656 2004 1689 2059 ad
1699 2004 1888 2060 tretarensem

249 2074 366 2144 rendum
382 2090 450 2162 (te).
471 2092 585 2150 bicebat
602 2094 674 2151 enim
696 2092 768 2167 quoii
784 2096 828 2151 iiia
850 2104 972 2152 trecenta
992 2096 1043 2169 by·
1093 2090 1231 2146 civitatem
1247 2092 1390 2159 venissent,
1400 2089 1508 2149 oculata
1524 2091 1576 2148 dte
1589 2094 1715 2164 perspexi
1729 2094 1803 2165 qnod
1818 2096 1890 2150 alias

1093 2179 1163 2234 latita
1192 2181 1379 2237 intellexeram
1404 2182 1533 2239 nuntiare
1560 2182 1743 2255 [nuntianteh
1760 2182 1891 2239 videlicet

1093 2274 1166 2344 qnod
1187 2272 1230 2329 rir
1249 2273 1350 2329 nobilis
1374 2273 1528 2331 wilielmus
1543 2274 1687 2331 l‘ercelieti
1707 2274 1889 2333 munitionem

1093 2364 1240 2434 quamdam
1255 2363 1433 2420 iortissimatn
1448 2380 1532 2435 super
1546 2365 1653 2422 duabus
1671 2365 1797 2421 eeclesiis
1810 2377 1838 2423 et
1860 2369 1888 2423 in

1093 2456 1254 2512 cerneretis
1273 2457 1392 2526 ipsarum
1415 2465 1601 2512 constructam
1626 2456 1752 2513 ininsula
1770 2458 1891 2529 quadam

1091 2546 1168 2616 juxta
1184 2545 1271 2617 ripam
1291 2546 1415 2604 iibodani
1435 2563 1487 2602 non
1511 2548 1592 2617 lenge
1607 2549 1641 2602 ab
1661 2550 1757 2604 eadem
1776 2550 1892 2606 civitate

1094 2638 1121 2691 ln
1147 2639 1295 2708 perniciem
1314 2639 1515 2693 transeuntium
1542 2638 1713 2710 possidebat,
1739 2640 1891 2711 demesqne

1094 2730 1200 2784 Domini
1209 2739 1382 2785 converterat
1394 2730 1421 2785 in
1432 2730 1575 2799 speluncas
1585 2730 1731 2787 latronum.
1744 2732 1892 2788 innumera

1093 2819 1166 2873 enim
1198 2818 1343 2883 maieiicia,
1361 2820 1466 2889 rapiam
1486 2820 1610 2890 scilicet,
1626 2824 1785 2878 exactiones
1813 2824 1895 2879 inde·

1093 2908 1167 2976 bitae,
1183 2907 1254 2964 iurta
1271 2921 1299 2965 et
1316 2917 1421 2966 catere
1440 2911 1659 2967 abominationes
1675 2914 1891 2970 committeban-

1096 3009 1139 3055 tur
1161 3001 1189 3056 in
1212 3016 1256 3067 ea,
1272 3012 1299 3057 et
1321 3001 1489 3058 timebantur
1511 3004 1689 3060 nibilominus
1715 3006 1741 3059 in
1767 3005 1893 3061 interant

1094 3093 1239 3150 committi.
1264 3092 1382 3165 Propter
1404 3098 1476 3168 qood
1503 3110 1548 3151 me
1567 3112 1629 3151 cum
1645 3097 1894 3154 circumstantibus

249 2193 365 2248 perpera
381 2196 442 2251 qnae
460 2184 565 2240 ratione
582 2196 688 2255 quartae
715 2188 876 2259 spectabant
895 2188 1041 2257 adipsum,

250 2286 311 2327 eum
327 2272 446 2328 nondum
464 2280 553 2331 tamen
567 2291 616 2347 pet·
637 2292 687 2334 ros
710 2288 793 2349 quota
806 2278 843 2333 sit
853 2280 910 2347 eius
923 2294 985 2349 pars
998 2278 1042 2334 lu·

251 2370 311 2416 tara
333 2360 416 2419 itterit
433 2366 620 2432 terminatum,
636 2369 739 2438 reecpit
755 2368 825 2433 ideo,
837 2384 888 2424 nee
904 2370 930 2423 in
943 2384 1043 2438 procu·

249 2456 385 2511 rationem
412 2456 514 2512 domiui
542 2459 689 2515 cardinalis
715 2458 930 2528 ejusdemsicut
950 2461 1042 2517 cleriei

249 2547 434 2616 postulabant,
447 2550 609 2619 erogaverit,
621 2552 683 2620 quie
696 2554 860 2621 computatis
872 2554 904 2609 iis
915 2569 976 2624 quae
990 2571 1042 2610 nen

251 2636 359 2703 atijetes
372 2652 387 2690 a
399 2640 596 2695 communitate
609 2641 641 2698 dc
652 2643 709 2699 suis
721 2643 798 2701 bonis
811 2647 837 2701 in
852 2646 1043 2717 procuratione

250 2728 316 2783 dieti
332 2728 478 2783 cardinalis
501 2734 647 2802 expendit,
661 2746 688 2787 et
710 2735 817 2791 cellatis
836 2752 897 2791 cum
924 2738 957 2792 iis
983 2754 1043 2807 quae

251 2818 378 2875 deminus
401 2820 569 2890 imperatur,
593 2823 639 2893 qui
669 2826 856 2881 communitati
880 2827 1042 2882 clericorum

251 2911 426 2967 tenebaturin
435 2911 555 2979 eiusdem
563 2917 797 2983 sustentationem,
807 2918 840 2971 de
848 2916 926 2972 benis
935 2930 1043 2972 eornm-

250 3008 312 3061 dem
335 3006 471 3072 distraxit,
484 3021 536 3062 nort
557 3008 597 3063 cis
619 3008 676 3078 ipse
701 3010 808 3065 debitor
825 3020 979 3081 appareret,
995 3012 1042 3066 sed

250 3100 326 3170 ipsos
339 3100 364 3154 ei
379 3098 462 3154 multa
479 3100 622 3155 restituere
645 3101 735 3170 potius
759 3111 916 3172 oporteret:
933 3104 966 3157 de
987 3117 1042 3174 qno

250 3207 285 3246 ne
307 3191 400 3248 liceret
410 3193 450 3248 eis
462 3192 633 3262 aliquatenus
645 3193 780 3260 dubitare,
794 3205 906 3265 paratus
920 3203 981 3250 erat
993 3210 1041 3264 per
1055 3160 1075 3215 C
1093 3183 1248 3241 &vitilibus
1262 3187 1393 3242 ⁰⁰¹¹²l¹¹¹¹⁰
1409 3189 1443 3244 id
1456 3189 1545 3258 lisam
1563 3188 1757 3243 destruemini
1769 3188 1889 3246 Wlffl-

250 3283 311 3339 ilios
322 3298 437 3352 querum
454 3284 607 3340 ministerio
620 3285 746 3341 dominus
758 3287 905 3341 cardinalis
919 3303 951 3342 ex
964 3296 1042 3360 parte

250 3389 299 3430 sna
316 3375 406 3429 iuerat
426 3383 603 3443 procuratus,
618 3389 665 3429 ens
685 3375 856 3432 rttaniiestins
876 3378 1040 3435 certiiicare.

250 3465 310 3521 tilia
327 3481 392 3522 rere
405 3473 525 3520 trecenta
542 3467 705 3537 byperpera,
718 3483 779 3536 quae
794 3484 847 3523 non
862 3469 913 3524 sibi
928 3470 974 3525 scd
987 3471 1042 3525 cle·

251 3557 316 3612 rieis
328 3571 342 3609 a
353 3556 520 3611 debitoribus
528 3556 933 3614 eotttmunitatiscern-instantia
943 3574 1042 3630 magna

250 3656 399 3718 receperat,
415 3648 521 3704 cuidam
543 3647 643 3703 clerieo
670 3649 780 3704 nemine
800 3649 979 3717 Theoderico,
994 3651 1041 3720 qni

250 3746 315 3793 tuuc
327 3739 456 3809 temperis
465 3739 628 3795 clericorum
642 3737 731 3793 luerat
745 3747 916 3808 procurator,
931 3754 960 3794 se
975 3737 1043 3794 iate-

250 3829 331 3885 baiur
354 3829 509 3899 assignasse
526 3829 594 3901 :qui
621 3844 741 3898 praesens
766 3829 801 3884 ibi
826 3829 966 3886 confessus
987 3829 1043 3886 luit

249 3920 374 3976 eamdem
389 3920 531 3990 pecuniam
547 3935 577 3977 se
589 3922 699 3976 neeriae
712 3921 872 3976 clericorum
885 3921 941 3992 jam
958 3921 1040 3992 longo

250 4017 326 4064 retro
344 4017 468 4079 tempere
494 4011 658 4080 suscepisse.
677 4009 821 4066 Silentium
847 4026 912 4067 rere
936 4013 1043 4068 cunctis

249 4102 416 4167 terrentibus,
425 4117 487 4158 cum
498 4102 666 4157 adeersusea
678 4117 739 4173 quae
751 4103 876 4157 deminus
888 4104 1043 4173 patriarcba

250 4197 307 4246 tam
327 4191 530 4246 rationabiliter
542 4203 723 4262 preposuerat
747 4193 912 4261 respondere
930 4193 1043 4250 minime

250 4281 440 4356 prevalerent,
454 4292 635 4339 surrexerunt
658 4283 695 4338 illi
720 4283 754 4338 de
777 4285 875 4355 quibus
887 4299 969 4355 supra
986 4301 1043 4343 me-

251 4387 387 4432 moratum
402 4384 454 4442 est,
476 4376 521 4447 qui
543 4375 648 4432 litteras
663 4390 730 4447 quas
743 4376 867 4433 dominus
880 4377 1043 4444 benedictus

1091 3276 1125 3330 Et
1145 3277 1206 3347 quia
1222 3278 1312 3334 timuit
1324 3281 1417 3335 dictes
1429 3281 1529 3336 nobilis
1544 3296 1579 3337 ne
1600 3289 1673 3335 terra
1684 3281 1771 3351 ipsius
1787 3291 1844 3335 tota
1860 3282 1891 3336 in

1092 3370 1284 3425 exterminium
1296 3381 1325 3426 et
1334 3371 1517 3442 direptionem
1534 3373 1649 3440 reniret,
1665 3387 1717 3426 nen
1728 3380 1891 3442 exspectata

1091 3478 1173 3518 manu
1199 3463 1322 3528 militari,
1344 3465 1470 3534 qnamris
1496 3465 1773 3536 inritus,praeiatam
1798 3465 1895 3521 nrani-

1092 3553 1193 3609 tienem
1218 3555 1282 3609 inibi
1304 3557 1415 3610 tradidit
1429 3556 1652 3612 subvertendam.
1669 3557 1708 3612 Ea
1723 3558 1805 3628 igitur
1826 3556 1898 3611 luu-

1093 3645 1165 3700 ditus
1186 3644 1325 3710 demolita,
1342 3647 1474 3702 contineo
1498 3647 1645 3702 liassiliam
1675 3648 1830 3718 properari,
1847 3650 1893 3704 ci*

1092 3751 1194 3808 resque
1208 3736 1392 3792 liassilienses
1403 3737 1550 3809 diiigenter
1565 3740 1690 3795 admonui
1703 3749 1733 3794 ut
1751 3755 1845 3810 pacem
1860 3749 1895 3798 ei

1092 3829 1216 3900 aliaque
1229 3829 1487 3899 eircentadlaecntia
1504 3829 1562 3886 loca
1576 3829 1736 3898 jttraeerant
1745 3829 1889 3900 jurarent,

1093 3931 1120 3977 ct
1145 3922 1208 3992 ipsi,
1224 3931 1251 3977 et
1281 3923 1417 3993 praecipue
1440 3921 1474 3979 dc
1502 3923 1575 3979 iacto
1605 3924 1760 3989 iionceiini,
1779 3924 1806 3978 in
1833 3939 1894 3994 qno

1094 4011 1206 4067 meltum
1228 4012 1376 4068 Ecclesiam
1392 4015 1439 4069 bei
1455 4015 1727 4081 scandalizaverant,
1743 4015 1894 4070 satislace-

1094 4114 1156 4161 rent
1167 4116 1365 4178 competenter.
1386 4107 1414 4162 ln
1427 4123 1542 4177 quorum
1556 4108 1630 4163 nulio
1642 4124 1736 4178 preces
1747 4124 1824 4164 meas
1839 4125 1894 4165 setx

1094 4198 1252 4252 mandatum
1268 4197 1401 4254 exaudire
1415 4210 1559 4266 curarunt,
1576 4202 1767 4256 exeusationes
1782 4203 1809 4256 iu
1825 4217 1895 4272 pec-

1093 4289 1162 4344 catis
1192 4290 1249 4345 suis
1276 4289 1400 4356 iriroias,
1416 4292 1523 4347 scilicet
1548 4291 1691 4348 lienceiini
1723 4294 1892 4364 absentiam,

1094 4379 1260 4453 aliegatrtes;
1276 4390 1316 4447 et,
1332 4382 1405 4452 quoti
1420 4398 1473 4437 non
1493 4384 1552 4438 sine
1571 4385 1735 4439 verecundia
1751 4385 1836 4439 muita
1859 4396 1893 4442 et

250 4469 398 4525 cardinalis
421 4469 461 4524 eis
485 4484 565 4539 super
581 4469 698 4525 ecclesia
724 4467 831 4525 Sanctae
854 4469 1193 4551 Sopitiaecon·1)rtritore
1209 4473 1338 4538 sustinui,
1352 4473 1419 4528 mibi
1434 4472 1554 4544 publice,
1570 4475 1635 4530 lieet
1651 4475 1730 4541 laiso,
1745 4476 1772 4531 in
1788 4475 1890 4532 laeiem

251 4569 373 4618 cesserat
397 4561 630 4628 demonstrabant,
647 4562 830 4632 supplicantes
855 4563 966 4620 domino
993 4581 1043 4634 pa-

251 4657 378 4712 triarcitoe
392 4667 527 4729 quatenus
542 4657 699 4712 mandatum
714 4667 846 4726 restrum,
857 4660 929 4728 qued
943 4658 970 4713 in
982 4658 1043 4720 aliis

250 4745 339 4803 iuerat
354 4758 523 4818 prosecutus,
545 4748 572 4802 in
585 4749 636 4813 eis,
655 4749 728 4821 ipses
754 4749 782 4805 in
807 4750 956 4806 canonicos
973 4751 1044 4807 reci-

250 4839 360 4908 piendo,
376 4839 502 4894 similiter
522 4840 688 4896 observaret.
708 4840 812 4908 Quibus
841 4841 969 4896 deminus
995 4857 1043 4914 pa-

251 4929 368 4984 triarcba
397 4931 517 4986 rationes
540 4946 680 5002 opponens
708 4932 1043 5005 praedictas,rescrtptum

248 5029 370 5075 restrum
385 5035 466 5091 super
483 5036 576 5077 eorem
589 5023 745 5094 receptione
763 5039 793 5078 se
813 5024 950 5094 recepisse
966 5027 1044 5095 petri-

250 5119 295 5166 tus
310 5113 470 5183 denegabat,
482 5113 588 5181 dicens,
601 5115 673 5185 quoti
692 5122 783 5170 restra
807 5115 941 5172 sanctitas
959 5117 993 5173 de
1008 5118 1044 5174 iis

248 5210 404 5266 nuliatenus
418 5209 557 5280 diiiiniret,
569 5211 603 5267 de
616 5212 715 5284 quibus
730 5213 754 5269 ei
770 5229 820 5284 per
834 5223 962 5273 auctores
977 5231 1044 5273 cau·

249 5317 340 5358 sarum
354 5302 397 5358 rei
420 5317 514 5359 eorum
528 5305 640 5361 nunties
654 5305 722 5362 nibil
738 5307 845 5378 penitus
867 5307 1042 5377 innotuisset,

249 5393 434 5464 multiplieiter
446 5395 529 5451 etiam
542 5406 670 5456 astruens
682 5401 754 5470 quod
767 5401 790 5458 si
807 5402 840 5458 de
858 5402 911 5460 iliis
935 5404 960 5460 ei
972 5404 1044 5461 sicut

249 5483 282 5540 de
294 5487 399 5543 caeteris
409 5489 587 5557 constitisset,
600 5490 667 5548 lieet
683 5501 758 5552 tanto
786 5511 901 5555 numere
927 5497 1044 5554 cierico-

251 5591 310 5632 rum
324 5577 468 5636 facultates
488 5580 616 5638 Ecclesiae
630 5585 740 5644 minime
755 5599 900 5662 suppetere
924 5605 977 5648 nen
993 5591 1043 5648 dn-

289 5755 343 5829 i'lb)
362 5750 429 5814 iside
443 5758 490 5816 lib.
506 5777 548 5830 ιι,
565 5765 643 5834 epist.
660 5765 702 5822 ts.

1093 4564 1254 4632 objecerunt
1268 4565 1340 4637 qued
1362 4581 1425 4621 cum
1451 4567 1574 4629 linmaea
1588 4566 1709 4622 Ecclesia
1723 4568 1748 4621 ei
1764 4582 1892 4622 comnm-

1093 4658 1212 4713 nicasset
1235 4658 1261 4714 in
1291 4659 1399 4726 multis,
1425 4674 1478 4715 nen
1505 4671 1634 4732 tanquam
1664 4669 1816 4727 apostatam
1838 4676 1889 4718 seu

1093 4751 1358 4806 excommunicatum
1368 4752 1455 4822 ipsum
1465 4753 1551 4808 ritate
1560 4753 1695 4808 debebant
1705 4752 1774 4826 (Π).
1783 4753 1891 4808 Exinde

1093 4855 1142 4912 per
1151 4842 1623 4913 Aquensemcivitatemrlrcnienem
1632 4843 1893 4914 revertens,praeia-

1095 4945 1152 4987 tem
1164 4935 1291 4990 comitem
1306 4933 1729 5002 Fuicaieariensemvecari,eent
1744 4935 1890 5005 diligenter

1094 5025 1225 5082 inducens
1244 5034 1273 5081 ut
1288 5026 1358 5082 sicut
1372 5043 1464 5084 comes
1488 5027 1650 5093 Tolosanus,
1665 5028 1757 5082 caeteri
1771 5028 1894 5083 barones

1094 5129 1121 5174 et
1131 5120 1265 5182 civitates,
1278 5134 1308 5174 se
1320 5119 1353 5172 ad
1369 5118 1572 5175 observantiam
1590 5121 1666 5188 pacis
1679 5128 1813 5174 eteorum
1827 5133 1892 5187 quae

1093 5219 1197 5266 statuta
1211 5211 1322 5266 inerunt
1339 5214 1410 5284 apud
1427 5211 1558 5266 Sanctrtm
1579 5211 1718 5282 AEgidium
1741 5210 1890 5282 obligaret.

1093 5305 1134 5359 td
1149 5304 1233 5374 quod,
1249 5304 1342 5360 lieeta
1357 5305 1492 5376 principio
1505 5303 1623 5360 dillicilis
1643 5298 1757 5358 inultum
1774 5304 1892 5357 exstite-

1095 5397 1141 5465 rit,
1156 5397 1327 5466 pestntedem
1348 5407 1436 5453 tamen
1454 5398 1603 5454 secundum
1617 5397 1783 5452 relentatem
1799 5412 1890 5452 meam

1094 5499 1122 5546 et
1133 5489 1277 5546 consilium
1302 5491 1581 5561 arciricpiseopemm,
1593 5499 1620 5544 et
1634 5481 1824 5558 episcoporum
1840 5488 1890 5556 qni

1096 5581 1166 5652 apud
1179 5582 1349 5639 drenionem
1372 5583 1406 5637 ad
1431 5583 1576 5638 concilient
1598 5582 1705 5639 lucrant
1720 5580 1889 5651 congregati,

1133 5763 1188 5834 (ii)
1207 5762 1275 5819 ride
1287 5764 1335 5820 lib.
1352 5779 1407 5831 ιιι,
1423 5764 1501 5836 episi.
1517 5763 1561 5821 93.

2047 3536 2051 3582 i
