4109 6325
144 237 202 335 ara
624 263 874 324 routntcurus
890 263 984 323 anno
1004 266 1063 335 tv,
1082 202 1219 323 contest
1231 264 1310 323 teta.

149 378 331 438 tisiactionem
348 376 507 435 subicientis
521 388 720 449 competentem
743 394 825 450 super
846 378 938 435 multis
954 384 977 441 Α
1149 396 1222 437 racis
1236 394 1271 435 er
1284 392 1530 435 nscoactttrrrosts
1542 394 1634 437 taces.

148 483 177 531 et
188 473 296 545 magnis
306 472 415 542 iniuriis
434 478 461 527 et
480 470 598 540 iacturis
616 487 683 543 quas
700 472 778 545 longo
797 472 855 542 ianr
870 482 937 527 tem·
1186 470 1337 545 (Laterani,
1353 486 1383 526 nr
1399 468 1461 525 lial.
1479 468 1592 541 hisatii.)

148 580 216 638 pore
231 563 345 619 intulisti
360 562 489 619 Ecclesiae
510 562 668 632 duplicante
683 573 780 619 contra
790 562 873 619 divini
891 576 939 618 no-
1027 564 1101 637 (tut)
1126 564 1316 637 Expositioncs
1341 568 1474 617 autemst
1487 561 1693 634 explanationes
1720 570 1784 618 sont

147 656 230 713 minis
250 654 363 727 gloriam
378 663 406 709 et
419 651 575 724 apostolicae
586 654 659 709 sedis
667 654 811 720 bonorem,
828 654 854 709 in
869 652 940 723 peri·
991 657 1059 713 iste.
1074 658 1102 712 ln
1118 657 1213 727 primis
1227 654 1320 727 itaque
1333 654 1493 711 solemniter
1508 663 1537 710 ct
1548 652 1784 723 absolutejorabis

148 748 239 804 carlum
250 746 348 801 animae
359 760 391 801 ac
403 744 573 816 dispendium
585 744 663 801 lamae
673 752 734 811 tum,
745 744 835 800 adbuc
850 754 939 800 tamen
990 758 1065 807 stare
1086 748 1222 804 mandatis
1243 748 1345 803 nostris
1364 762 1458 803 coram
1482 746 1573 820 legato
1596 747 1637 803 vel
1658 747 1784 819 delegate

148 834 266 908 experiri
288 836 413 892 volentes
432 845 523 891 utrum
548 843 575 889 te
601 848 731 890 revocare
749 834 885 906 possimus
905 835 940 889 ab
990 848 1177 909 nostrosuper
1191 836 1317 891 omnibus
1331 851 1381 907 pro
1395 836 1520 906 qtribusa
1534 835 1613 893 nobis
1625 852 1784 895 excommu·
1861 888 1867 897 .

147 942 243 985 errore
264 927 297 983 ad
318 926 485 993 veritatem,
503 940 569 984 ecce
592 926 639 981 tibi
668 925 886 982 benedictionem
913 936 941 982 et
991 930 1097 986 nicatos
1110 927 1258 993 existis,et
1281 942 1372 981 reram
1390 911 1485 997 pacem
1499 942 1531 983 ac
1553 928 1661 1000 plenam
1678 930 1783 986 securi·

147 1018 368 1075 maledictionem
386 1018 573 1089 proponimus,
594 1016 654 1088 ejrts
670 1017 795 1089 exemplo
820 1018 865 1089 qui
890 1032 940 1089 per
991 1030 1075 1077 tatem
1103 1020 1246 1090 praestabis
1270 1019 1472 1075 venerabilibus
1491 1018 1624 1076 iratribus
1643 1019 1783 1091 Stephano

148 1110 268 1181 Elapsum
287 1108 417 1164 lamuhrm
430 1124 509 1164 suurn
522 1108 726 1165 henedictiones
736 1117 764 1164 et
775 1108 940 1166 maledictio-
990 1110 1178 1167 Cantharieosi
1189 1109 1404 1180 archiepiscopo,
1428 1107 1567 1165 Willelrno
1581 1110 1781 1177 Londoniensi,

147 1216 197 1259 nes
210 1200 349 1271 proposuit
363 1200 427 1255 liliis
442 1198 535 1261 israel,
551 1210 582 1255 ut
595 1198 680 1271 eliges
701 1213 782 1270 otram
799 1202 939 1267 malueris,
991 1201 1137 1258 Eustochio
1149 1199 1262 1266 Elicnsi,
1275 1192 1784 1271 AEgidiollerelorrlensi,'locelinolla·

146 1292 190 1349 rel
212 1291 440 1358 benedictionem,
462 1291 486 1347 si
507 1290 686 1358 satisfeceris,
710 1293 743 1346 ad
758 1292 883 1359 salntem,
899 1292 940 1349 sel
991 1292 1141 1359 tironiensi,
1165 1300 1195 1347 et
1218 1290 1340 1347 liuberto
1366 1290 1551 1348 Lincolniensi
1577 1292 1723 1363 episcopis,
1751 1310 1783 1350 ac

148 1382 376 1447 maledictionem,
391 1383 414 1439 si
434 1382 646 1453 contempseris,
665 1382 699 1438 ad
723 1384 841 1439 ruinam.
865 1383 940 1441 Licet
990 1382 1097 1439 dilectis
1122 1381 1184 1437 liliis
1206 1381 1290 1452 priori
1317 1390 1345 1437 et
1369 1381 1511 1439 monachis
1531 1381 1782 1447 &attuarieasihoe

148 1472 220 1529 enim
247 1472 379 1542 quasdam
405 1472 485 1527 nobis
508 1471 614 1528 litteras
639 1473 827 1539 destinaveris,
842 1474 940 1543 quibus
992 1474 1110 1529 lieberto
1123 1486 1232 1543 qrroque
1246 1471 1302 1527 lilio
1312 1469 1473 1539 walteri,et
1484 1470 1631 1527 Eustochio
1644 1471 1678 1526 dc
1695 1471 1782 1539 Vesci,

147 1562 287 1618 asseruisti
309 1562 466 1619 habiturum
484 1570 511 1619 te
531 1570 619 1618 ratum
644 1563 775 1634 qrrirlquirl
799 1563 882 1621 abbas
907 1566 940 1623 de
990 1580 1042 1621 nec
1056 1580 1108 1621 non
1120 1564 1227 1621 ceteris
1239 1564 1348 1620 clericis
1359 1573 1387 1620 ct
1400 1562 1477 1620 laicis
1488 1563 1540 1620 hoc
1553 1565 1691 1635 negotium
1716 1578 1782 1619 con·

149 1652 285 1710 lielloloeo
303 1662 332 1709 et
352 1652 437 1708 irater
450 1653 482 1707 h.
499 1652 599 1709 llarcei
614 1662 642 1709 et
660 1655 704 1710 alii
721 1665 839 1726 qrratuor
850 1656 938 1712 nuntii
991 1656 1165 1726 tingentibus,
1177 1655 1332 1727 praestaodo
1344 1656 1423 1711 simul
1435 1671 1527 1712 coram
1538 1658 1633 1713 codem
1645 1656 1782 1728 legatorcl

154 1743 194 1800 tui
218 1757 300 1814 super
313 1744 423 1815 negotio
448 1742 651 1801 cantuariensis
679 1744 806 1802 Ecclesiae
829 1756 940 1818 agerent
956 1719 976 1775 Β
992 1745 1114 1817 delegato
1127 1754 1219 1801 nostro
1230 1744 1533 1817 publiceiuramectum
1545 1745 1616 1817 qrrod
1628 1747 1702 1819 ipsos
1719 1761 1782 1803 cartu

147 1848 242 1891 eoram
254 1835 344 1901 nobis,
366 1835 429 1907 qnia
455 1841 545 1891 tamen
572 1851 607 1893 ex
634 1834 668 1892 iis
695 1837 801 1891 nonnisi
828 1848 882 1893 tres
905 1838 938 1893 arl
990 1838 1047 1893 suis
1063 1851 1112 1893 nec
1124 1837 1204 1893 laedes
1217 1851 1268 1892 nec
1282 1836 1342 1893 laedi
1357 1835 1440 1892 lacie's
1456 1848 1505 1892 aut
1517 1837 1658 1907 permittes
1679 1839 1706 1893 in
1721 1853 1783 1909 per-

148 1934 272 1981 nostrarn
297 1939 443 1996 pervenere
466 1926 653 1995 presentiam,
671 1925 689 1981 ii
705 1925 764 1983 sine
789 1925 849 1982 aliis
873 1924 938 1982 rtiltil
990 1928 1781 2000 sonteerrabas,eisqueamaremtnotpnathmnutnttus.

148 2014 240 2070 lacere
260 2025 384 2085 poterant
399 2014 545 2070 secondum
564 2015 720 2071 earumdem
742 2018 938 2073 continentiam
990 2030 1019 2077 et
1033 2021 1059 2077 in
1073 2021 1189 2093 gratiam
1215 2028 1288 2077 tuam
1314 2019 1424 2076 eosdem
1441 2020 1566 2091 recipies,
1581 2037 1614 2077 ac
1635 2022 1705 2079 bona
1730 2023 1784 2079 lhle

146 2106 310 2165 litterarum.
335 2104 469 2161 Praeterea
487 2122 540 2163 non
555 2108 646 2179 apitur
668 2116 770 2163 tautum
787 2110 820 2165 de
831 2110 939 2182 negotio
991 2114 1110 2182 tenebis,
1125 2114 1249 2185 quodque
1272 2112 1399 2186 prelatos
1424 2111 1661 2184 archiepiscopum
1683 2120 1711 2169 et
1725 2114 1784 2185 epi-

147 2196 356 2254 Cantoariensis
368 2198 507 2263 Ecclesiae,
523 2199 570 2254 sed
596 2198 680 2255 totius
705 2198 833 2258 Ecclesia
847 2200 940 2271 hragli-
965 2228 967 2235 ·
989 2219 1086 2275 scopos
1099 2220 1152 2263 non
1167 2204 1297 2276 impedies
1313 2204 1520 2274 nccpermittes
1544 2213 1593 2261 aut
1620 2204 1705 2261 iacies
1730 2206 1783 2261 inr-
1807 2244 1810 2247 -

146 2304 328 2359 enumquam
347 2288 428 2360 impie
449 2291 638 2361 persequendo
660 2292 757 2347 niteris
785 2290 937 2349 ancillare:
989 2296 1077 2366 peliri
1100 2311 1154 2367 quo
1169 2296 1260 2351 mitras
1272 2296 1322 2367 ipsi
1339 2297 1513 2354 liberesuum
1528 2288 1712 2367 exsequantur
1726 2296 1782 2353 olil·

96 2414 109 2429 .
147 2381 340 2453 propterquod
351 2382 534 2438 anathematis
546 2384 669 2438 meruisti
683 2383 791 2439 vinculo
802 2384 938 2441 innodari.
989 2387 1074 2453 cium,
1084 2394 1112 2443 et
1124 2386 1200 2458 plena
1215 2403 1273 2443 snae
1286 2386 1677 2457 jurisdictionisauctoritate,
1702 2395 1783 2460 prorrt

146 2474 167 2529 li
180 2489 246 2530 vero
260 2482 315 2531 tres
326 2475 413 2531 nuntii
425 2476 503 2532 nobis
518 2476 552 2531 ad
568 2475 692 2533 ultimum
703 2478 939 2548 obtrtlertrottpuotl
990 2477 1100 2544 debent,
1118 2486 1247 2545 utantur;
1263 2486 1292 2534 et
1313 2492 1397 2548 snper
1416 2479 1450 2535 iis
1466 2487 1521 2533 tam
1536 2478 1614 2535 nobis
1627 2494 1708 2550 quant
1732 2480 1783 2551 ipsi

147 2562 300 2619 secundum
332 2563 406 2620 illam
432 2564 548 2620 lormam
574 2566 734 2623 satislacere
761 2568 940 2639 promittebas
990 2567 1196 2639 archiepiscopo
1220 2576 1248 2623 et
1274 2568 1388 2639 singolis
1418 2569 1552 2641 episeopis
1574 2580 1636 2627 tuas
1660 2580 1784 2641 patentes

147 2670 229 2725 otram
251 2670 299 2726 pcr
324 2656 438 2713 dilectos
453 2657 523 2715 lilios
539 2657 727 2731 landulphum
741 2662 938 2718 subdiaconum
991 2661 1097 2717 litteras
1110 2659 1262 2726 exhibebis,
1273 2659 1378 2715 iaciens
1399 2660 1433 2716 ab
1448 2662 1582 2732 episcopis
1595 2670 1622 2717 ct
1637 2662 1783 2719 comitibus

147 2752 175 2799 et
186 2744 300 2800 iratrem
314 2744 470 2803 liprandum
486 2747 638 2805 larniliares
649 2760 758 2807 nostros
774 2750 820 2807 tibi
836 2754 940 2809 curavi·
991 2770 1023 2811 ac
1036 2755 1182 2812 baronibus
1194 2754 1257 2822 tuis,
1268 2763 1334 2824 qrrot
1348 2760 1376 2810 et
1390 2768 1459 2824 quos
1471 2753 1576 2823 prelati
1595 2754 1786 2823 arehiepisco-

141 2852 209 2901 ,rous
219 2836 367 2895 destinare.
378 2840 477 2896 Verum
489 2856 550 2897 cum
563 2858 612 2913 per
627 2851 654 2899 te
666 2844 773 2900 steterit
785 2860 839 2915 qrro
851 2846 940 2902 minos
991 2858 1042 2916 pus
1053 2853 1083 2900 et
1091 2844 1209 2916 episcopi
1224 2843 1433 2915 postulaverint,
1448 2843 1605 2913 iuramenta
1617 2855 1644 2901 ct
1660 2856 1785 2918 patentes

147 2928 297 2985 secundum
324 2932 447 2987 eamdem
474 2932 589 2989 lorrrram
614 2949 666 3006 pax
684 2934 765 2991 luerit
781 2934 937 3004 relormata,
992 2948 1088 2991 eorum
1112 2934 1219 2991 litteras
1234 2934 1357 2991 exbiberi
1374 2935 1445 3005 ortod
1463 2935 1512 3015 ipsi
1536 2937 1605 2992 botta
1622 2936 1675 2993 lrde
1689 2938 1783 2993 sturle-

147 3028 175 3073 et
188 3029 284 3091 postea
299 3020 391 3093 peiora
404 3023 541 3095 prioribus
555 3027 743 3088 attentaretis,
756 3042 806 3083 nos
820 3028 854 3083 ad
867 3044 938 3095 earrr,
974 3026 1061 3082 'bunt
1073 3034 1103 3081 ot
1117 3027 1175 3081 hacc
1188 3040 1239 3095 par
1254 3032 1283 3080 et
1296 3024 1430 3080 securitas
1444 3025 1557 3081 lrrntiter
1567 3027 1736 3083 observetur.
1752 3028 1785 3083 Et

149 3126 210 3181 qrrae
235 3128 285 3186 pro
299 3112 394 3186 majori
420 3125 498 3188 parte
514 3118 631 3190 gratiam
646 3120 813 3189 continebat,
829 3121 940 3178 ministre
992 3116 1014 3176 si
1028 3116 1097 3174 lorte
1109 3117 1192 3190 (qood
1208 3116 1279 3172 betas
1289 3117 1416 3188 avertat),
1437 3131 1487 3188 per
1504 3104 1531 3174 te
1549 3117 1635 3190 ipsunt
1651 3118 1692 3175 rel
1716 3120 1784 3176 alios

146 3205 203 3276 jam
218 3214 352 3272 tenemur,
368 3222 429 3264 cum
447 3205 505 3280 ipsa
532 3210 618 3280 gratia
639 3211 788 3268 reddideris
811 3223 839 3268 te
865 3211 935 3268 indi·
991 3210 1204 3273 contraveneris,
1219 3207 1269 3278 ipsi
1292 3221 1342 3277 pro
1369 3207 1489 3265 Ecclesia
1515 3219 1609 3265 contra
1638 3212 1784 3270 violatores

148 3297 281 3368 piranellt
294 3308 384 3356 autem
398 3299 538 3358 vincamus
551 3301 579 3357 in
595 3301 665 3358 bono
679 3301 779 3358 mnium
793 3312 820 3360 et
832 3319 940 3361 omnem
991 3299 1145 3356 securitatis
1159 3306 1187 3353 ct
1197 3295 1412 3370 parsisnranrlatis
1425 3297 1583 3368 apostolicis
1597 3299 1781 3367 iubaerebffltb

151 3388 198 3444 tibi
219 3390 408 3447 excusationis
436 3393 580 3449 materiam
596 3393 763 3460 auferamus,
776 3396 939 3453 adhuceara
992 3402 1076 3463 tuqrre
1091 3385 1226 3464 perpetuo
1246 3393 1398 3449 custodiam
1423 3389 1577 3447 vacantium
1599 3390 1782 3448 Ecclesiamrn

150 3481 237 3552 parati
252 3496 346 3538 sumus
369 3497 490 3552 servare,
505 3486 527 3540 si
549 3500 635 3557 usqne
659 3487 692 3542 ad
714 3485 851 3542 Kalendas
865 3484 940 3543 lanii
991 3484 1109 3540 amittes.
1124 3481 1201 3552 Quod
1217 3483 1240 3540 si
1259 3482 1328 3538 lorte
1343 3481 1499 3554 nequiretis
1512 3496 1560 3537 eos
1579 3483 1614 3539 ad
1628 3481 1700 3541 hanc
1718 3481 1783 3538 ulti·

150 3573 273 3641 proxime
284 3583 414 3631 venturas
435 3590 485 3645 per
506 3575 662 3647 juramenta
675 3584 793 3648 qtratoor
807 3579 940 3634 baronum
992 3591 1063 3631 mam
1085 3575 1236 3647 iuramenti
1254 3586 1359 3646 partem
1383 3573 1519 3636 inducere,
1533 3572 1661 3630 ridelis-et
1673 3573 1745 3642 quod
1758 3573 1783 3629 sl

151 3671 260 3717 trrorrrm
275 3663 428 3732 jurantium
445 3667 532 3740 (tuh),
546 3676 572 3724 te
586 3679 720 3739 praesente
736 3684 768 3725 ac
781 3670 937 3738 nraudaute,
990 3683 1038 3738 per
1051 3667 1165 3736 teipsum
1174 3666 1216 3720 vel
1226 3666 1294 3722 alios
1307 3663 1521 3730 contraveneris,
1533 3663 1583 3734 ipsi
1596 3676 1647 3734 pro
1662 3661 1781 3719 Ecclesia

151 3753 180 3808 in
193 3756 311 3812 arrianam
328 3764 412 3826 tuam,
429 3768 456 3816 et
483 3773 531 3830 per
545 3770 671 3830 patentes
697 3769 755 3818 tuas
775 3761 880 3818 litteras
897 3776 941 3818 re-
991 3766 1085 3814 conua
1106 3756 1252 3814 violatores
1266 3755 1423 3832 securitatis
1435 3761 1462 3811 et
1480 3755 1554 3826 pacis
1571 3755 1706 3811 mandatis
1716 3769 1783 3825 apo-

152 3849 310 3918 promiseris
326 3850 397 3922 qnod
409 3864 468 3906 earn
482 3850 597 3930 lideliter
610 3858 638 3908 et
651 3851 798 3909 elllcaeiter
810 3851 941 3922 adimple·
991 3849 1093 3906 stolicis
1101 3848 1281 3914 inhaerebunt,
1290 3857 1317 3904 to
1327 3857 1436 3920 propter
1449 3846 1501 3904 hoc
1515 3846 1594 3902 ochis
1604 3861 1636 3901 ac
1653 3844 1783 3902 llontann.

151 3937 195 3994 lris
209 3939 361 3996 secundum
376 3941 560 4012 expositiones
584 3952 612 3999 et
640 3942 847 4015 explanationes
872 3958 940 4010 nuas
992 3939 1121 3997 Ecclesia
1135 3956 1183 4012 per
1197 3950 1258 3996 toas
1273 3951 1396 4010 patentes
1411 3940 1518 3996 litteras
1538 3937 1675 4004 obligabis
1701 3951 1783 3994 omne

151 4019 187 4088 'ad
198 4032 287 4088 omnis
299 4032 476 4090 dubitationis
488 4033 643 4106 scrupulum
657 4035 849 4091 removendum
864 4035 942 4091 duxi·
988 4031 1034 4102 jus
1046 4039 1204 4102 patronatus
1217 4031 1289 4102 quod
1313 4031 1398 4086 habes
1422 4031 1449 4085 in
1472 4027 1601 4084 Ecclesils
1613 4026 1782 4099 inplicanis.

153 4139 214 4178 ntus
225 4124 403 4190 adhibendas,
430 4137 457 4182 et
482 4127 552 4182 inira
584 4127 708 4184 eumdem
728 4129 874 4184 terminum
889 4129 942 4185 boc
990 4111 1192 4179 Oteneisulem
1215 4119 1321 4176 litteras
1334 4133 1395 4190 qttae
1408 4134 1458 4190 pro
1472 4117 1620 4174 secorhate
1637 4117 1783 4189 predicto·

153 4227 240 4272 totum
263 4215 460 4289 signtocaveris
482 4234 531 4290 per
550 4229 608 4275 tuas
626 4229 753 4291 patentes
777 4219 881 4277 litteras
896 4235 942 4278 ve·
991 4229 1052 4268 rum
1066 4221 1130 4269 snm
1144 4211 1304 4268 exhibend&
1331 4211 1453 4282 linietis
1469 4209 1675 4281 ifeltittiisfflho
1688 4217 1716 4264 0⁸
1729 4209 1784 4280 eil·

153 4304 267 4360 nerabili
279 4303 356 4361 iratri
370 4319 462 4364 nostro
483 4308 621 4380 Stephano
636 4310 826 4368 cantuariensi
851 4311 943 4366 archi.
992 4304 1081 4376 scopis
1096 4312 1159 4359 ante
1180 4319 1258 4360 sarum
1273 4304 1425 4374 ingressum
1442 4303 1469 4357 in
1483 4299 1609 4374 Angliam
1624 4300 1783 4357 destinabis.

154 4397 282 4469 episcopo
296 4408 324 4454 et
338 4400 385 4470 qui
405 4416 468 4456 cvrm
493 4415 526 4458 eo
541 4409 606 4460 sunt
621 4401 758 4475 episcopis
788 4403 855 4460 suis.
869 4404 938 4458 hiie-
956 4398 1023 4474 psi
1041 4411 1106 4454 vero
1132 4396 1181 4452 tihi
1202 4397 1345 4469 placuerit,
1368 4394 1491 4466 sapetari
1512 4394 1733 4465 archiepiscopus
1756 4401 1784 4470 et

152 4489 220 4560 nstin
237 4490 296 4559 eius
313 4492 438 4564 exemplo
449 4495 495 4566 qui
513 4494 643 4566 populum
668 4511 747 4550 surim
761 4497 796 4551 de
811 4497 943 4553 servitute
994 4493 1112 4564 episcopi
1127 4491 1310 4564 praestabunt,
1326 4487 1401 4546 salro
1415 4489 1518 4544 horrore
1536 4486 1627 4542 belet
1645 4485 1783 4551 scelesta,

153 4579 305 4637 Pharaonis
330 4582 356 4637 in
384 4597 465 4638 mann
488 4583 578 4639 valida
603 4583 744 4652 liberavit,
767 4584 941 4654 hoplicanam
992 4584 1154 4656 juratoriam
1164 4593 1192 4639 et
1205 4582 1397 4638 litteratoriam
1410 4579 1566 4636 cautionem
1583 4577 1653 4649 qarod
1669 4577 1719 4648 ipsi
1734 4590 1786 4632 nee

153 4669 306 4727 Ecclesiam
323 4672 425 4729 intorti
442 4673 555 4730 brachio
579 4675 613 4730 de
633 4675 765 4743 servitute
781 4683 825 4728 tua
849 4675 942 4730 stude·
994 4691 1146 4749 persensa.
1162 4674 1293 4748 peralios
1307 4680 1403 4731 contra
1419 4685 1563 4741 personam
1587 4666 1629 4724 vel
1655 4682 1784 4722 sororaam

152 4763 246 4820 bimus
262 4765 395 4833 liberare;
419 4767 599 4837 praedicentes
614 4781 685 4823 nunc
702 4765 749 4822 tibi
765 4767 901 4822 veraciter
915 4774 944 4821 et
995 4779 1070 4826 trram
1086 4768 1187 4840 aliquid
1202 4765 1386 4831 attentabunt,
1403 4770 1429 4818 te
1442 4761 1497 4818 illis
1510 4759 1666 4831 praedictam
1680 4758 1784 4814 mearat.

153 4866 314 4914 constanter
330 4859 403 4929 quud
417 4860 438 4914 si
452 4872 548 4932 pacem
560 4859 693 4931 recipere,
709 4875 770 4916 cum
786 4860 872 4923 vales,
890 4873 942 4914 non
996 4870 1079 4916 tatem
1089 4870 1116 4915 et
1131 4873 1224 4930 pacem
1236 4856 1368 4912 illibatam
1379 4861 1517 4909 servante.
1532 4850 1570 4906 be
1585 4849 1683 4906 ablutis
1693 4859 1783 4904 autem

153 4947 208 5012 71⁵·
222 4963 283 5004 ⁰1¹1ss
294 4949 415 5006 volueris
427 4966 478 5006 ¹¹⁰¹!
494 4950 608 5016 valebis.
620 4952 726 5022 eritque
740 4951 844 5007 inutilis
857 4947 946 5021 ptnoi-
994 4953 1102 5024 plenam
1123 4947 1326 5004 restitutionem
1343 4952 1373 5000 ct
1387 4945 1421 5000 de
1434 4941 1540 4998 damnis
1555 4940 1785 5011 recompensatio·

158 5038 243 5093 tentia
257 5049 320 5110 post
336 5043 459 5106 ruinam;
475 5042 547 5098 sient
560 5057 608 5114 per
617 5057 710 5098 eorrvm
721 5043 846 5113 exempla
869 5049 945 5110 potes
995 5061 1058 5102 nem
1072 5039 1249 5099 subicientem
1277 5036 1406 5093 omnibus
1429 5034 1581 5106 impendes,
1599 5041 1652 5086 tam
1679 5030 1786 5088 clericis

153 5139 323 5198 cognoscere
337 5131 383 5200 qul
400 5131 495 5187 diebus
513 5132 571 5186 istis
588 5131 687 5188 similia
699 5137 944 5203 praesumpserunt.
994 5150 1077 5208 qrrarn
1088 5132 1164 5189 laicis
1174 5126 1310 5185 universis
1319 5128 1354 5184 ad
1365 5127 1417 5184 boc
1428 5125 1565 5198 negotium
1576 5123 1784 5196 pcrtinentibus,

152 5219 283 5279 Formam
310 5239 374 5280 vere
394 5239 474 5295 quam
504 5223 623 5295 praelatis
648 5223 750 5279 nutatiis
777 5226 880 5278 nostris
901 5221 943 5276 in·
995 5242 1050 5282 non
1074 5222 1163 5280 solum
1184 5233 1285 5285 rernm,
1300 5215 1492 5287 verumetiam
1510 5213 1784 5282 libertatum,cisqnc

152 5313 294 5387 iunximus
315 5315 492 5388 presentibus
514 5315 561 5372 tibi
583 5315 680 5372 litteris
702 5315 835 5371 mittimus
858 5313 944 5369 inter·
995 5310 1260 5372 libertatcsreddims
1269 5307 1453 5375 conservabis,
1463 5305 1666 5377 archiepiscopo
1676 5301 1784 5372 qrrirlcrn

153 5407 270 5462 eluiem·
996 5416 1024 5463 et
1037 5405 1165 5478 episcopo
1187 5397 1370 5456 lincolniensi
1385 5413 1400 5453 a
1416 5405 1539 5468 tempore
1564 5409 1621 5452 suae
1640 5391 1786 5451 conhrrna·

154 5544 267 5672 atinga)
283 5545 353 5672 'hipp
363 5545 411 5602 lib.
424 5560 482 5612 arr,
494 5543 572 5616 epist.
589 5541 634 5608 iu,
649 5539 839 5598 etblattlmum
852 5537 941 5596 l’aris.
997 5535 1218 5666 :pstppllilpffip
1236 5533 1317 5605 epist.
1333 5529 1378 5600 to,
1399 5539 1428 5588 et
1443 5531 1514 5602 apud
1529 5528 1684 5584 hetthaeum
1694 5519 1785 5581 raris.

191 5685 267 5758 (tui)
285 5685 489 5742 Sacrntncntrnn
499 5683 568 5755 regis
579 5682 725 5740 secundum
740 5681 811 5736 hartc
824 5680 941 5737 lorrttarn
