4109 6325
92 388 96 393 ³
148 295 218 364 trab

589 305 791 364 edelsinum
811 300 855 362 tvi
873 300 1025 364 abablio
1045 303 1178 363 ubuum
1198 304 1335 362 triremi.

1711 310 1785 369 ilar

151 422 239 487 nulia,
254 410 319 483 eto„
335 412 416 489 usque
440 412 466 471 iri
490 417 580 487 poem.
603 411 776 475 Haerentem
795 420 852 474 duri
878 428 940 475 aunt
956 428 978 485 Α
993 418 1094 490 ptionis
1110 418 1259 488 Jevc'cssum
1282 418 1438 487 relinquere
1453 414 1580 473 nolumus
1601 417 1784 489 impunitum,

148 527 243 576 contra
264 530 324 570 eum
339 512 491 568 meriensis
511 513 663 583 episcopua,
681 513 768 583 major
788 518 902 569 decorum
915 524 939 569 et

149 604 310 679 properiter
324 602 417 657 Sancti
433 598 558 655 Gereouir
572 601 746 656 coloniensis.

491 692 596 749 cxxii.

278 786 365 844 noerir
384 802 447 841 vmo
465 798 614 841 erraneum
633 799 796 841 rnonvucve.

185 882 252 952 Quia
275 879 367 934 liberae
382 877 531 933 voluntatis
554 874 697 930 arbitrium
717 886 820 946 quanto
835 877 938 935 violen-

149 978 205 1033 tius
217 977 280 1047 quis
296 971 407 1027 flectcre
422 968 527 1032 nititur,
550 976 625 1023 tanto
647 969 763 1038 amplios
780 971 805 1025 io
819 972 939 1041 puritate

148 1071 190 1125 soi
207 1066 339 1140 propositi
353 1063 540 1128 conlirmatur,
564 1076 618 1115 non
641 1061 777 1117 credimus
790 1066 863 1133 quod
878 1064 937 1119 vio·

148 1164 230 1219 ientia
247 1162 323 1217 ducis
347 1157 455 1214 Saevire
466 1164 541 1210 tuam
557 1155 705 1211 motaverit
726 1156 893 1211 uoluntatem
910 1166 938 1213 ot

148 1253 268 1307 animum
291 1248 461 1312 variaverit,
487 1246 549 1301 licet
564 1242 675 1301 eoaotds
697 1244 783 1301 lucris
809 1247 936 1307 militare.

147 1345 216 1400 Cum
230 1356 307 1412 ergo,
323 1340 485 1395 necessitate
502 1345 637 1405 cessante,
654 1351 764 1393 cessare
784 1337 870 1394 soleat
891 1354 938 1395 nc·

147 1430 425 1495 cessitatisellcctns,
450 1441 595 1483 monemus
625 1426 794 1484 nobilitatem
820 1439 893 1485 tuam
910 1438 939 1486 et

147 1525 326 1584 exhortamur
341 1521 471 1578 attentius
491 1530 519 1576 et
533 1536 583 1591 per
599 1520 745 1592 apostolica
769 1521 817 1577 tibi
835 1521 936 1592 scripta

148 1620 309 1675 mandamus
335 1627 469 1688 qnatenus
492 1630 555 1671 crrnv
580 1622 687 1683 tempus
718 1613 875 1683 acceperis,
903 1612 937 1668 ad

148 1710 304 1769 charissimi
319 1711 347 1765 in
369 1709 479 1765 Cirristo
500 1708 546 1763 lilii
566 1708 651 1763 nostri
669 1706 780 1763 illustris
801 1708 873 1777 regis
887 1706 934 1763 Ot-

992 511 1152 567 discretioni
1167 518 1267 565 restrae
1282 524 1330 581 per
1344 508 1494 577 apostolica
1510 508 1612 579 scripta
1624 512 1785 567 mandamus

994 611 1130 673 quatenus
1160 603 1289 672 inquisiia
1318 616 1400 671 super
1430 602 1464 657 iis
1493 610 1520 655 et
1544 603 1652 671 cognita
1680 604 1785 673 plenius

990 692 1126 758 veritate,
1154 693 1280 747 cumdem
1308 690 1390 747 Sibod
1413 690 1447 745 ab
1467 690 1541 745 onmi
1567 690 1656 747 allicio
1676 695 1783 750 subiato

991 782 1188 853 appellationis
1207 781 1349 838 obstaculo
1364 782 1517 852 deponatis,
1532 789 1559 837 et
1578 784 1705 841 omnibns
1722 800 1783 840 ermr

990 869 1355 943 borrcdeiisspoiiautcs,illa
1369 870 1491 939 personis
1508 871 1612 926 idoeeis
1626 874 1782 944 assignatis.

1332 961 1439 1017 CXXV.

1209 1066 1406 1108 ernenunmmsv
1425 1067 1560 1109 caracara.

1025 1147 1112 1213 Quam
1138 1146 1295 1203 detestabile
1322 1146 1358 1201 sit
1388 1144 1491 1201 crimen
1518 1145 1652 1216 perjurii,
1677 1148 1784 1205 Veteris

989 1236 1158 1293 Testamenti
1174 1238 1255 1293 lectio
1270 1236 1436 1293 vnuuilestat.
1452 1238 1519 1291 Nam
1533 1254 1596 1293 curn
1613 1242 1783 1309 praecepisset

987 1329 1120 1386 Iloruinus
1131 1328 1263 1386 israelitis
1272 1335 1302 1382 ut
1313 1331 1455 1383 universos
1467 1329 1604 1385 lurbirores
1614 1338 1692 1387 terrae
1700 1348 1781 1401 quani

988 1424 1029 1479 eis
1045 1424 1216 1495 promiserat,
1233 1423 1266 1477 de
1278 1422 1334 1491 ipsa
1349 1420 1471 1476 delerent
1484 1429 1594 1491 propter
1609 1421 1696 1477 ioedus
1708 1424 1781 1493 qnod

988 1513 1070 1571 losuc
1089 1530 1149 1571 cum
1166 1512 1325 1569 Gabaorritis
1344 1511 1422 1566 inivit
1439 1512 1647 1579 circumuentus,
1666 1514 1780 1582 cajara-

989 1612 1110 1661 mentum
1142 1605 1213 1675 quod
1239 1602 1374 1673 principes
1392 1601 1573 1658 multitudiuis
1596 1603 1783 1672 praestiterant

988 1700 1091 1755 eisdem
1107 1700 1224 1764 incaute,
1246 1695 1405 1753 Gabaonitm
1421 1696 1517 1751 mortis
1531 1697 1680 1768 pericnlum
1697 1700 1784 1755 evita·

148 1805 233 1870 tonis,
249 1804 275 1860 in
292 1804 474 1857 Romanorum
489 1800 680 1872 imperatorem
693 1798 784 1865 electi,
799 1800 936 1855 fidelitatis
952 1795 974 1851 B
989 1798 1070 1856 ludit
1095 1791 1158 1846 lieet
1174 1789 1332 1859 interrogati
1356 1788 1378 1843 si
1396 1787 1424 1843 in
1442 1797 1514 1845 terra
1538 1804 1598 1859 qure
1614 1790 1676 1846 liliis
1694 1791 1777 1847 lsrael

147 1898 307 1968 obsequium
325 1896 384 1952 sine
400 1894 529 1951 dilatione
544 1891 665 1963 qnalibet
679 1892 835 1957 revertaris,
852 1901 879 1947 ct
894 1894 935 1948 sie

147 1992 175 2045 in
199 1990 257 2061 ejus
271 1987 415 2045 dilectione
433 1984 562 2059 prolieias
581 1994 611 2040 ιιι
626 1984 653 2038 in
676 1984 794 2054 gratiam
811 1994 935 2039 nostrum

147 2080 280 2151 prolicere
293 2079 435 2135 merearis.

183 2170 316 2241 Scriptum
332 2180 370 2225 eet
391 2170 419 2223 in
434 2168 552 2223 eurodem
573 2168 679 2223 nandum
696 2168 750 2237 repi
762 2165 937 2221 Bolrcumrrmv

147 2266 256 2326 illustri.

485 2356 599 2413 cxxiii.
712 2424 715 2428 ¹

148 2469 240 2511 neroni
256 2467 359 2508 oroneo
371 2466 405 2506 ετ
420 2466 575 2507 stneronuvr
588 2463 780 2505 trosroeonorl
794 2464 829 2503 tir
841 2462 935 2503 surturi

272 2560 401 2601 onerosis
422 2558 584 2598 rnerosrrvs
602 2554 816 2596 coaonvrrvsmos.

182 2640 223 2695 Ad
236 2649 356 2694 nostram
369 2635 500 2691 noveritis
515 2633 680 2689 amlientiam
697 2631 854 2703 peruenisse
865 2631 937 2702 quod

143 2734 238 2788 iirrmo
252 2729 368 2801 ddoiplri
392 2728 529 2799 quondam
545 2725 718 2782 coloniensis
738 2722 936 2794 archiepiscopi

147 2824 286 2889 clericus,
311 2820 420 2877 statutis
448 2817 521 2873 sedis
555 2814 710 2888 apostolica!
737 2813 880 2868 temerarie
907 2826 937 2867 sc

146 2929 298 2985 opponens,
320 2912 460 2969 dominum
486 2922 564 2964 sunm
581 2908 764 2961 irreverenter
785 2904 891 2958 induxit
907 2909 937 2956 ut

147 3007 175 3061 in
190 3006 380 3063 charissimum
395 3003 421 3057 in
437 3000 546 3057 Christo
562 2998 647 3053 lilium
661 3005 783 3051 nostrum
805 2994 936 3051 illustrem

147 3114 240 3172 regem
254 3096 392 3161 ottonem,
417 3094 444 3147 in
465 3092 648 3145 liomanovum
670 3088 860 3156 imperatorem
882 3084 937 3141 ele-

146 3203 233 3258 ctum,
242 3190 344 3246 crimen
355 3181 513 3258 proditionis
524 3179 709 3236 committeret
719 3187 746 3234 et
758 3177 819 3233 duci
834 3177 939 3232 Saevi-e

145 3280 326 3356 pertinaciter
348 3278 518 3340 adimerem
535 3287 630 3341 aquo,
650 3270 720 3325 sieut
746 3269 856 3334 dicium,
875 3276 935 3322 tan·

145 3391 230 3448 quam
244 3372 313 3428 alius
323 3369 406 3425 ludas
421 3366 449 3421 in
462 3358 624 3434 proditionis
637 3359 778 3429 praemium
793 3356 937 3427 pecuniam

146 3465 275 3535 accipere
287 3476 340 3517 non
353 3458 472 3529 expavit.
485 3455 524 3510 Ne
538 3453 621 3522 igitur
631 3451 653 3506 si
664 3459 723 3520 post
737 3449 937 3504 damnationem

148 3554 271 3623 eiusdem
290 3547 487 3618 archiepiscopi
502 3543 648 3615 praedictus
670 3541 778 3604 bruno,
800 3539 845 3608 qni
860 3538 937 3592 danv-

149 3644 271 3701 nationis
283 3655 393 3697 causam
407 3636 547 3709 praestitit,
565 3631 729 3690 remanserit
748 3632 936 3699 indemnatus,

150 3737 217 3793 iiirrd
242 3730 428 3803 evangelicum
460 3726 554 3782 lallere
574 3725 709 3788 videatur,
732 3739 786 3794 quo
813 3722 935 3778 dicitura

150 3827 181 3886 Si
205 3841 290 3882 cecus
313 3839 412 3879 recum
440 3818 534 3880 ducit,
559 3816 635 3871 umbo
661 3818 689 3871 iu
716 3815 815 3886 lorcam
838 3817 935 3867 eodum

152 3919 268 3990 (llrrtlr.
295 3915 367 3986 xv),
399 3909 556 3966 discretioni
591 3915 689 3964 vestrae
713 3922 763 3977 per
789 3906 935 3976 apostolica

151 4012 254 4081 scripta
275 4007 435 4063 mandamus
451 4011 586 4074 quatenus
603 4016 665 4056 eum
685 3999 812 4054 omnibus
834 3999 936 4054 benefl-

150 4104 202 4159 ciis
217 4101 273 4157 suis
285 4101 344 4156 sine
356 4113 403 4168 spe
421 4095 612 4163 restitutionis,
629 4094 806 4167 appellatione
822 4099 936 4153 remota,

149 4196 274 4268 privetis,
291 4209 324 4248 ca
344 4193 468 4260 personis
486 4189 590 4246 idoneis
612 4185 794 4243 conterentes.
820 4182 937 4250 Quodsi

13 4315 30 4344 s
150 4305 206 4346 uon
224 4303 331 4354 aranee,
349 4293 403 4341 ele.

488 4373 603 4430 cxxii.

475 4483 509 4520 av
520 4479 605 4521 suevi

186 4571 227 4622 Ad
238 4573 358 4622 nostram
372 4563 536 4619 audientiam
553 4559 682 4615 noveritis
693 4555 851 4627 pervenisse
863 4551 938 4623 quod

150 4659 237 4717 Sibod
254 4657 382 4722 clericus,
397 4655 443 4724 qni
458 4651 621 4709 benelicium
636 4649 772 4719 quoddam
796 4645 829 4701 de
853 4659 938 4699 manu

151 4752 308 4811 clrarissirni
324 4752 351 4806 ivr
364 4749 473 4805 Cirristo
487 4746 533 4800 filii
546 4743 636 4799 nostri
651 4740 762 4796 illustris
775 4739 847 4807 regis
861 4737 939 4794 Otto·

153 4850 206 4915 uis,
224 4848 250 4902 io
271 4845 454 4901 Romanorum
467 4842 659 4910 imperatorem
672 4833 763 4901 electi,
782 4840 938 4901 receperat,

151 4952 180 4998 et
192 4937 331 4996 fidelitatis
348 4937 374 4992 ei
392 4936 555 5007 prestiterat
574 4931 777 5001 iuramentum,
791 4939 939 4980 conversus

151 5035 179 5089 in
203 5048 298 5089 arcum
327 5041 506 5101 perversum,
532 5034 628 5081 contra
654 5021 795 5094 proprium
828 5019 939 5072 verricus

150 5130 343 5198 juramentum,
367 5121 473 5177 Saevior
485 5118 544 5173 duci
566 5115 680 5186 juravit,
696 5122 723 5168 et
743 5111 777 5167 ab
791 5126 825 5166 eu
840 5109 939 5178 praedi·

152 5230 225 5276 etmn
243 5216 403 5275 benelrcium
419 5213 530 5283 recepit.
543 5209 603 5280 ipse
615 5221 730 5278 qnoque,
747 5204 812 5258 dum
824 5214 940 5256 venera-

151 5312 215 5369 bilis
226 5310 311 5365 irater
324 5316 417 5364 noster
426 5301 634 5362 Canteracensis
647 5298 791 5368 episcopus
804 5291 940 5348 mandatis

17 5421 52 5466 ιν
151 5403 261 5461 nostris
277 5401 415 5456 insisteret
436 5393 629 5466 exsequendis,
651 5387 800 5443 abeodem
825 5383 939 5438 ducein

152 5495 292 5550 aliveeesiro
319 5493 378 5562 ejus
405 5488 540 5559 legatione
564 5489 708 5550 suscepta,
725 5479 796 5533 bona
819 5475 940 5545 ejrrsdern

152 5587 271 5659 episcopi
307 5594 408 5640 temere
434 5578 599 5650 occupavit,
629 5571 763 5629 vassallos
790 5569 849 5639 ejus
880 5566 940 5620 ‹lrrci

153 5681 261 5737 Saevire
282 5677 439 5732 fidelitatem
462 5678 593 5743 praestare
611 5663 796 5735 cornpellerrs‘,
813 5657 942 5714 fidelitate

152 5772 239 5843 ipsius
266 5767 374 5841 pervitus
395 5764 529 5845 abjrrrata.
544 5759 610 5842 Quia
624 5772 702 5832 ,roro
715 5763 798 5810 tantae
813 5762 942 5833 praesum·

988 1892 1062 1939 sorte
1076 1881 1229 1937 debebatur
1243 1878 1356 1935 lorsilan
1381 1878 1555 1947 babitarent,
1580 1880 1642 1951 quia
1659 1882 1779 1937 deterre

988 1975 1134 2045 longinqua
1159 1982 1291 2028 uenerant
1322 1970 1537 2042 respondissent.
1560 1972 1696 2029 Praeterea
1721 1988 1782 2043 ant

987 2084 1066 2141 poena
1080 2068 1259 2123 mendacibus
1271 2065 1404 2121 debeatur
1414 2064 1526 2121 Anavriae
1536 2063 1696 2134 etSaplrirae
1709 2077 1782 2121 uvore

987 2160 1076 2214 subita
1105 2158 1249 2228 profitetur
1271 2168 1279 2209 ι
1304 2156 1351 2225 qui
1377 2157 1506 2226 quoniam
1535 2156 1641 2210 mentiti
1671 2154 1783 2211 lucrant

988 2249 1102 2319 Spiritui
1118 2258 1224 2316 sancto,
1246 2263 1260 2302 a
1276 2257 1423 2318 conspectu
1441 2246 1624 2317 apostolorum
1638 2248 1779 2317 principis.

988 2345 1067 2415 cuins
1090 2362 1195 2412 snmus,
1221 2344 1283 2401 licet
1307 2344 1446 2408 inrrneriti,
1465 2353 1653 2405 successores,
1681 2338 1780 2393 mortui

988 2448 1054 2495 suut
1070 2438 1172 2493 educti.
1186 2436 1254 2491 Cum
1269 2450 1334 2506 ergo
1347 2434 1420 2490 nulla
1433 2433 1474 2489 vel
1487 2432 1593 2488 modica
1606 2431 1736 2485 distantia
1748 2431 1783 2485 sit

988 2529 1061 2584 inter
1082 2526 1232 2597 perjurium
1247 2536 1276 2581 et
1293 2525 1463 2581 mendacium
1486 2521 1649 2586 sacerdotis,
1673 2521 1782 2576 dicente

987 2620 1129 2691 Scriptura
1146 2619 1216 2690 quod
1241 2618 1324 2672 verba
1340 2615 1490 2671 sacerdotis
1508 2622 1555 2668 aut
1570 2627 1633 2667 vera
1655 2620 1718 2667 sunt
1736 2617 1783 2665 aut

988 2714 1134 2783 sacrilega,
1149 2711 1249 2767 debent
1260 2708 1440 2765 ecclesiastici
1454 2706 1517 2771 viri,
1530 2715 1557 2760 ct
1570 2702 1720 2776 praesertim
1733 2703 1779 2772 qui

988 2806 1177 2878 praelationum
1198 2804 1321 2859 obtinent
1335 2800 1493 2871 dignitates,
1505 2806 1610 2853 reatum
1626 2796 1738 2867 prerjurii
1752 2806 1781 2851 et

987 2900 1091 2955 crimen
1107 2894 1241 2951 mendacii
1258 2894 1365 2965 penitus
1376 2892 1478 2948 evitare
1489 2897 1517 2945 ct
1527 2891 1567 2944 sie
1579 2889 1673 2959 lugere
1685 2888 1780 2943 incon·

988 2991 1095 3048 stantiae
1109 2987 1247 3044 levitatem
1263 3001 1331 3042 nc...
1347 2985 1382 3041 sit
1395 2983 1436 3039 cis
1451 2982 1472 3038 si
1487 2991 1589 3037 terram
1606 2979 1710 3035 duabus
1725 2979 1778 3035 viis

991 3080 1094 3151 ingredi
1114 3077 1322 3141 convincantur,
1340 3083 1367 3129 et
1380 3074 1401 3129 si
1413 3070 1520 3142 cuipam
1535 3070 1711 3132 incurrerim,
1728 3084 1783 3123 non

991 3173 1121 3244 ollugiant
1136 3172 1316 3242 disciplinam.
1332 3167 1462 3221 ltiirumur
1476 3163 1560 3233 igitur
1572 3177 1625 3216 non
1647 3160 1783 3217 modicum

989 3268 1018 3314 et
1040 3271 1180 3314 nrovcmur
1202 3257 1350 3328 quodcum
1368 3249 1528 3306 charissimo
1553 3249 1580 3302 in
1598 3247 1707 3302 Christo
1726 3246 1783 3302 irtio

989 3361 1084 3405 nostro
1098 3347 1193 3404 illustri
1206 3347 1261 3418 regi
1274 3344 1380 3410 Ottoni,
1393 3343 1418 3398 in
1434 3342 1619 3396 Romanorum
1637 3340 1783 3409 imperato-

989 3445 1047 3497 rem
1062 3440 1161 3503 elccto,
1179 3433 1485 3507 lidelitatispraestitcris
1497 3432 1692 3503 jurameutum,
1706 3438 1731 3486 et
1747 3431 1782 3486 ab

988 3545 1021 3586 eo
1055 3529 1089 3584 de
1115 3529 1251 3601 regalibus
1274 3526 1359 3583 lucris
1385 3523 1546 3586 investitus,
1565 3530 1709 3590 postquam
1732 3534 1782 3588 per

987 3623 1171 3680 uenerabilem
1196 3622 1309 3676 fratrem
1336 3626 1460 3674 nostrum
1478 3615 1617 3672 Siliridrrm
1644 3613 1777 3685 lingenti-

992 3729 1057 3769 num
1072 3713 1306 3783 archiepiscopum
1321 3707 1538 3766 consecrationis
1553 3703 1714 3762 beneficium
1736 3719 1781 3759 so·

987 3804 1109 3875 scepisti,
1126 3805 1232 3873 tepuisti
1249 3819 1316 3874 pene
1329 3803 1435 3874 penitus
1449 3801 1521 3854 circa
1536 3813 1609 3864 eum,
1622 3806 1650 3851 et
1664 3795 1713 3866 ipsi
1731 3803 1783 3850 tuae

987 3895 1141 3952 elevationis
1153 3877 1313 3964 obsequium
1325 3889 1496 3948 subtraxisti.
1512 3888 1552 3944 No
1564 3889 1646 3960 igitur
1664 3886 1780 3942 subdiiis

989 3988 1043 4042 tuis
1058 3986 1168 4042 occasio
1183 3984 1233 4040 lias
1250 3985 1347 4040 siurilis
1366 3982 1501 4046 veritatis,
1518 3981 1563 4050 qai
1579 3981 1621 4034 eis
1644 3976 1782 4032 fortitudi-

988 4082 1031 4136 nis
1043 4089 1071 4136 et
1085 4079 1243 4134 constantin
1257 4077 1339 4132 debes
1353 4072 1476 4143 exevrrpia
1493 4080 1635 4142 praestare,
1652 4067 1783 4124 iraterni·

990 4183 1072 4228 tatem
1092 4181 1165 4228 tuam
1189 4183 1331 4225 nvonernus
1354 4177 1383 4222 et
1401 4165 1579 4221 exhortamur
1601 4161 1731 4216 attentius
1754 4168 1781 4212 et

987 4279 1037 4336 per
1050 4263 1196 4334 apostolica
1222 4260 1269 4316 tibi
1290 4259 1391 4328 scripta
1414 4253 1598 4327 praecipiendo
1617 4253 1781 4307 mandamus

989 4364 1123 4428 qnatenus
1151 4354 1241 4412 slede
1263 4361 1364 4408 caetero
1384 4353 1410 4406 iu
1426 4349 1485 4418 ejus
1502 4345 1632 4402 fidelitate
1652 4343 1783 4414 persistas

953 4460 1019 4523 pet
1049 4450 1124 4520 sicjei
1158 4454 1282 4520 patenter
1322 4445 1462 4500 adlraereas
1491 4448 1519 4496 et
1554 4445 1679 4509 potenter
1711 4436 1782 4504 quod

990 4542 1127 4613 praeterita
1144 4538 1306 4610 negligcntia
1321 4550 1370 4608 per
1385 4533 1594 4600 subsequentem
1612 4525 1782 4595 diligentiam

991 4636 1131 4706 expietur,
1156 4647 1207 4687 nec
1225 4642 1280 4687 tam
1305 4629 1360 4683 cito
1382 4625 1530 4681 iucurrisse
1554 4629 1645 4675 notam
1672 4615 1782 4687 periurii

991 4726 1118 4788 ridearis,
1134 4723 1197 4794 quia
1209 4723 1234 4777 id
1244 4736 1297 4775 non
1309 4730 1450 4787 possemne
1458 4711 1645 4781 aequanimiter
1655 4707 1781 4772 tolerare,

1027 4819 1163 4891 Scriptum
1176 4825 1213 4870 ert
1226 4812 1315 4869 abbati
1328 4807 1478 4864 Covbeieuri
1492 4807 1520 4859 in
1531 4802 1650 4858 eltrudem
1664 4801 1717 4870 sere
1726 4815 1783 4854 mo·

991 4915 1054 4968 dum
1068 4927 1149 4982 arque
1169 4911 1364 4979 iuramentum,
1384 4897 1413 4954 'et
1437 4899 1461 4954 ei
1484 4912 1499 4952 a
1522 4911 1578 4952 suae
1596 4891 1777 4965 promotionis

991 5005 1068 5061 initio
1082 5001 1212 5057 armiliam
1229 4992 1391 5069 praestiteris
1406 4998 1434 5048 et
1450 4989 1581 5050 savorem,
1598 5001 1669 5041 vrunc
1684 4984 1781 5038 ultimo

991 5095 1101 5167 tepuisti
1113 5107 1180 5161 pene
1191 5091 1299 5161 penitus
1307 5087 1379 5143 circa
1391 5098 1465 5146 eom,
1474 5090 1538 5145 ete,
1552 5093 1631 5148 usque
1641 5075 1778 5145 expietur,

990 5204 1041 5246 nee
1053 5187 1202 5244 incurrisse
1217 5192 1308 5238 nolam
1325 5175 1450 5251 perjurii,
1466 5181 1531 5239 eto,
1548 5186 1628 5240 usque
1643 5168 1677 5222 ad
1692 5166 1781 5233 ductu.

1224 5261 1228 5269 '
1329 5268 1448 5326 cxxvi.

1186 5379 1391 5425 incurerrscoro
1412 5372 1581 5417 rnevrneusr.

1028 5465 1151 5536 Qualiter
1174 5461 1359 5533 juramentum
1376 5467 1468 5509 coram
1487 5449 1564 5506 nobis
1590 5445 1737 5517 praestitmn
1755 5450 1784 5497 et

991 5561 1161 5630 postmodum
1181 5553 1331 5612 exiribiturn
1347 5548 1372 5601 in
1393 5543 1517 5599 manibus
1530 5539 1609 5610 legati
1632 5535 1718 5590 nostri
1735 5533 1783 5586 ob·

992 5650 1156 5714 servaveris,
1182 5663 1215 5703 ne
1231 5645 1355 5700 dicamus
1377 5634 1534 5698 violaveris,
1559 5627 1678 5700 qualiter
1703 5624 1781 5678 irrita

994 5743 1090 5803 leceris
1104 5754 1164 5812 que
1175 5739 1208 5796 dc
1220 5737 1272 5794 tuis
1287 5732 1367 5790 labiis
1378 5730 1580 5802 processerant,
1592 5719 1657 5777 dum
1669 5715 1784 5774 verricus
