4109 6325
154 326 207 393 tea
636 321 890 386 rebrtrrcsvos
908 322 1001 385 tuoe
1020 320 1090 397 uti,
1110 321 1244 387 mttustt
1265 320 1344 385 teto.
1732 340 1785 399 opt

187 440 286 499 abbati
297 448 326 497 et
335 441 481 498 conventui
497 440 655 517 menaemrii
671 444 765 497 &recti
776 444 901 518 *Dionysii
915 446 982 505 inb
1030 443 1243 513 Arclriepiscopo
1256 442 1384 505 bentensi
1398 452 1425 503 et
1442 444 1501 517 eires
1513 440 1692 520 suffraganeis
1707 466 1784 509 man.

154 534 271 592 i'rancia
283 532 424 598 scribitur,
439 542 476 595 et,
490 532 597 601 quiaab
611 532 744 604 aliquibus
757 534 943 607 dubitabatur,
994 536 1075 590 datur
1089 536 1160 605 qtrod
1179 536 1245 590 nihil
1265 546 1398 592 attentent
1410 546 1504 595 contra
1520 538 1661 598 libertates
1671 553 1783 599 suarum
1831 582 1832 587 κ

155 644 191 684 au
205 625 388 697 eorpusbeati
406 624 545 696 bieoysii,
564 624 637 695 quod
651 624 786 687 ineorlem
806 637 941 688 monaste·
992 625 1179 687 Ecclesiorum
1191 636 1219 681 et
1233 628 1425 696 capitulorum.

155 721 196 775 rio
208 718 369 790 reqtricscit,
382 717 466 772 iurent
486 731 585 788 corpus
600 716 672 772 beati
687 710 806 789 Dionysii
823 719 945 790 Areopa·
1032 718 1131 787 Eetiern
1141 718 1233 787 titudo,
1245 718 1448 790 archiepiscopo
1458 720 1607 779 Seuooeusl
1619 730 1648 779 et
1656 720 1716 793 ejus
1729 724 1785 780 sui·

155 812 226 883 dita,
238 810 283 881 qui
299 818 422 865 rnortuus
437 808 488 863 luit
499 808 525 864 io
538 806 653 873 Graecia,
667 808 710 863 vel
729 810 851 875 alterius,
864 812 943 868 dotus
995 807 1144 879 lragrroeis.

156 918 207 957 nrrs
228 917 296 972 papa
319 902 405 957 mittit
424 900 465 957 cis
487 898 944 973 deverisreiiquiis,sivecorpus
1030 898 1243 971 archiepiscopo
1270 898 1430 957 bituricensi
1452 910 1480 957 ct
1507 901 1565 971 ejus
1607 904 1786 976 suffragancis

155 994 226 1049 iilius
239 992 310 1047 beati
330 990 453 1062 Dionysii
475 988 700 1060 Areopagitae
717 995 944 1057 conceditoutoi-
994 990 1140 1045 mandatur
1163 1002 1203 1057 ut,
1217 990 1295 1060 iuxta
1308 991 1508 1049 ordinationem
1523 993 1623 1051 iactam
1647 996 1673 1050 io
1689 996 1786 1051 cenci·

156 1085 206 1140 bus
219 1082 390 1139 visitantibus
404 1067 583 1151 qmorapma
597 1083 667 1143 dies.
976 1078 1043 1157 iio,
1067 1078 1174 1135 solvant
1196 1090 1272 1136 certo
1294 1082 1412 1137 termino
1434 1082 1591 1138 vicesimam
1609 1094 1713 1153 partem
1726 1098 1785 1141 onr-

191 1173 399 1243 itroirieplscopo
418 1172 583 1229 Narbonensi
602 1175 746 1231 mandatur
761 1185 804 1241 ut,
819 1175 841 1229 ei
854 1176 944 1244 aliqua
995 1170 1070 1225 nium
1085 1178 1262 1241 proventuum
1276 1184 1386 1226 suorum
1402 1212 1410 1237 ,
1427 1183 1562 1229 eteorum
1582 1175 1657 1247 (aab)
1676 1176 1783 1233 nuntiis

156 1262 284 1318 debonis
300 1262 444 1316 comitatus
461 1261 584 1333 bleigorii
606 1265 722 1319 alienata
738 1265 888 1328 inverterit,
909 1265 944 1319 ad
994 1260 1029 1315 ad
1041 1260 1092 1315 boc
1104 1260 1253 1331 deputatis,
1267 1260 1292 1313 in
1312 1259 1463 1315 subsidium
1478 1270 1558 1317 terrae
1572 1275 1675 1319 sanctae

153 1355 198 1422 jus
213 1362 240 1409 ct
253 1345 444 1424 proprietatem
464 1352 592 1411 Ecclesiae
603 1354 801 1428 Magalonensis
815 1373 945 1416 revocare
1033 1352 1161 1409 Sacristac
1174 1362 1202 1407 et
1216 1350 1335 1422 capitulo
1357 1353 1480 1408 ecciesiae
1493 1354 1603 1409 Sancite
1622 1355 1718 1411 Crucis
1729 1356 1781 1411 coa

157 1452 293 1517 procuret.
565 1472 571 1483 ·
683 1482 688 1490 ·
792 1488 795 1493 .
905 1490 909 1499 .
992 1442 1604 1513 meracensis.liccipiunturouscumbonis
1622 1445 1784 1510 suis,sieut

195 1535 334 1593 Urtiversis
345 1534 493 1592 baronibus
502 1544 529 1591 ct
541 1536 682 1605 militibus,
697 1539 865 1597 incomitata
883 1539 946 1599 ilel-
995 1533 1113 1605 “1⁰⁸²ss
1128 1533 1278 1604 il⁰⁵⁸lt¹0¹¹b
1296 1534 1346 1588 ⁸¹¹¹)
1361 1534 1612 1602 protectionebeati
1625 1533 1710 1590 Petri.

158 1626 225 1697 gorii
250 1627 416 1691 coustitntis,
431 1628 502 1697 qood
518 1629 645 1699 episcopo
668 1629 852 1697 blayaiooettsi
874 1647 946 1702 prae*
1027 1624 1249 1695 drclriepiscopis
1266 1633 1294 1680 et
1312 1625 1456 1695 episcopis.
1471 1639 1519 1695 ber
1532 1638 1644 1697 isinum
1660 1626 1785 1682 Ftbnclffi

157 1726 240 1783 stent,
255 1717 326 1773 sicot
340 1710 403 1773 vero
415 1714 538 1781 domino,
553 1718 690 1775 lldclltatis
704 1721 869 1790 iuramenta.
996 1717 1163 1781 constitutis,
1183 1716 1328 1771 mandatur
1350 1722 1380 1770 ut
1402 1714 1543 1771 inbibeant
1562 1716 1788 1773 urrtversisctrris

192 1809 318 1864 ilemeosi
329 1808 530 1879 archiepiscopo
548 1810 648 1880 eteius
661 1812 857 1884 suffraganeis,
872 1814 945 1885 qued
995 1807 1101 1875 suanis,
1116 1806 1234 1861 niaxime
1244 1804 1451 1876 crucesignatis,
1463 1804 1613 1862 neitrdaeos
1625 1822 1673 1863 seu
1687 1821 1783 1864 corum

157 1894 188 1954 B.
202 1900 236 1955 de
252 1900 372 1964 Arrisnis,
385 1900 582 1966 subdiaconum
597 1904 880 1971 excotntnuoicatnm,
895 1918 946 1973 pro
997 1900 1115 1958 familias
1131 1899 1285 1955 ntolesteot.

158 2006 191 2047 eo
201 1992 272 2062 quod
287 2007 348 2046 cum
361 1990 515 2065 llarparita,
527 2008 623 2057 serere
638 1994 786 2050 convicisse
799 1993 944 2061 Fiarrdriar,
1030 1992 1242 2061 Arcbiepiseopo
1254 1988 1479 2059 liotbomagensi,
1492 1996 1520 2043 et
1535 1988 1593 2059 ejus
1607 1989 1787 2065 suffraganeis

3 2045 4 2114 ἶ
124 2084 359 2167 ,ιοιιιιιιςιιῑιιειι
376 2098 437 2153 sua,
458 2086 661 2142 matrimonium
675 2086 948 2142 iraudulcuter'cou·
995 2082 1141 2139 mandatur
1163 2088 1271 2135 utcum
1289 2078 1422 2149 magistro
1441 2077 1788 2149 tt.delndetesio,eano-

159 2174 249 2241 traxit,
261 2175 421 2232 denuntient
434 2177 712 2234 excommunicatum.
997 2176 1059 2231 nico
1069 2171 1295 2243 llotbomupensi,
1316 2171 1444 2241 deputato
1462 2178 1495 2227 ad
1507 2174 1707 2243 praedicandum
1727 2192 1788 2232 ver-

193 2265 292 2321 Eodem
306 2267 535 2339 modo,episcopo
546 2268 701 2324 Leodlcnsi.
996 2263 1060 2319 bum
1081 2262 1181 2329 ertrcis,
1204 2260 1286 2315 elium
1307 2260 1360 2317 sibi
1377 2258 1483 2316 uectem
1501 2266 1529 2315 et
1549 2260 1674 2317 idomum
1693 2264 1788 2335 adjun-

193 2354 290 2411 Abbati
302 2363 330 2412 et
344 2357 726 2413 eonventui‘Cluniaeensibus
740 2356 899 2413 declaratur
919 2365 948 2412 et
996 2362 1071 2424 garri.
1427 2395 1430 2401 .
1641 2358 1643 2363 '
1786 2366 1789 2373 ’

158 2446 381 2519 ordinatorqnod
396 2447 493 2505 electio
509 2457 538 2504 et
557 2448 691 2505 institutio
711 2450 809 2520 prioris
825 2451 859 2507 de
873 2449 947 2505 Cba·
1033 2444 1130 2503 Abbati
1152 2445 1261 2517 bajoria
1280 2443 1441 2501 ‘nonasterii
1465 2439 1653 2510 Turonensis.
1676 2446 1790 2505 maneb-⁴

159 2538 240 2596 ritate
254 2535 398 2593 addictum
411 2537 535 2596 abbatem
549 2541 694 2609 pertineat.
998 2548 1054 2604 tur,
1075 2548 1107 2594 ιιι
1131 2553 1213 2609 super
1238 2552 1287 2593 usu
1314 2536 1445 2607 primatiae
1472 2534 1651 2593 bituricensis
1673 2548 1702 2592 et
1721 2537 1789 2595 Bur-

194 2628 313 2686 blbiensi
328 2639 356 2684 ct
365 2628 524 2685 caturcensi
534 2631 667 2702 episeopis
680 2630 760 2686 datur
771 2632 798 2685 in
811 2631 948 2688 mundatis
997 2630 1149 2701 degaiertsls
1164 2630 1250 2701 isati
1267 2638 1328 2685 cuin
1341 2628 1414 2685 senis
1424 2638 1451 2684 et
1462 2628 1687 2698 valetudinarius,
1697 2647 1746 2703 per
1757 2618 1806 2689 ss¹

159 2725 189 2773 ut
206 2718 295 2787 aliqua
306 2719 388 2786 bena,
401 2720 491 2775 abiate
516 2719 607 2775 busco
625 2720 779 2776 diarrtanuo
792 2736 841 2793 per
854 2721 885 2778 Sa
898 2736 947 2777 ce·
996 2722 1039 2777 vei
1053 2720 1121 2777 aiios
1135 2736 1165 2777 se
1179 2720 1309 2777 iniormet
1325 2708 1412 2791 (ill),
1424 2726 1452 2773 et
1463 2717 1682 2777 informationem
1696 2730 1788 2797 traus-

160 2808 252 2862 mitem
266 2805 455 2877 ileruisiortis,
474 2809 508 2864 ad
530 2808 725 2865 restituendum
744 2808 832 2866 eidem
855 2810 948 2866 busco
997 2810 1097 2867 mittat.

160 2898 261 2954 dictum
275 2898 404 2955 comitem
415 2900 592 2971 compellant.
1033 2900 1131 2957 dbbati
1148 2910 1176 2956 et
1189 2898 1332 2957 conventui
1351 2898 1509 2955 monasterii
1521 2899 1614 2957 bened
1625 2896 1711 2973 Epidii
1723 2914 1791 2958 eoo·

193 2987 438 3061 acchiepiscopus
451 2990 569 3061 capitulo
582 2988 787 3047 beronensibus
802 2989 947 3047 eondrma-
999 2988 1123 3046 dematur
1138 2990 1262 3060 quaedam
1285 2990 1418 3046 senmntia
1441 3004 1492 3059 pro
1508 2991 1551 3047 eis
1567 2989 1635 3059 late,
1651 3000 1678 3047 et
1693 3002 1790 3049 eeotrtt

161 3080 206 3130 tor
223 3079 346 3146 quemdam
368 3080 530 3149 compositio
546 3094 628 3149 snper
647 3079 781 3134 electione
801 3076 896 3134 decani
919 3086 983 3180 etC
1000 3080 1125 3137 comitem
1136 3080 1311 3147 Tolosanum,
1324 3094 1406 3150 super
1418 3078 1482 3138 villa
1493 3078 1588 3137 Sancti
1600 3080 1699 3151 Epidii.

160 3169 336 3240 prepositura
358 3171 428 3227 inter
441 3172 514 3242 ipsos
528 3170 611 3227 iacta.
1035 3173 1245 3244 tlrcbiepiscopo
1266 3172 1433 3230 Narbonensi
1456 3179 1484 3228 et
1504 3171 1621 3228 dirersis
1649 3173 1710 3230 aliis
1730 3175 1790 3245 epi·

196 3261 283 3318 Certis
294 3261 430 3330 iudicibus
445 3264 589 3318 prandetur
603 3270 632 3318 ut
646 3263 776 3332 quosdam
792 3276 950 3332 campsores
1000 3265 1089 3334 scopis
1119 3274 1149 3321 ut
1173 3266 1336 3322 sententiam
1368 3259 1678 3331 excommonicationis,
1706 3264 1791 3321 latam

161 3339 350 3417 (laturceuses,
369 3354 427 3424 qui,
446 3351 473 3408 iu
487 3352 610 3408 iraudem
631 3351 823 3408 nonnuliomm
837 3364 949 3408 suorum
1000 3365 1096 3413 contra
1109 3357 1269 3428 liepiarrom,
1293 3355 1404 3411 iratrem
1415 3355 1546 3410 ademari
1569 3355 1603 3411 de
1616 3353 1718 3424 llayco,
1741 3371 1791 3427 per

161 3444 344 3509 creditorum,
368 3443 403 3497 ad
429 3442 578 3498 claustrum
604 3441 728 3498 irecense
748 3438 948 3512 conlegerunt,
1000 3449 1158 3518 episcopum
1178 3446 1354 3512 albiensem,
1375 3443 1536 3516 publicent,
1560 3455 1589 3502 et
1605 3459 1669 3508 earn
1688 3443 1791 3502 iaciant

161 3534 184 3590 si
200 3534 368 3604 reperiantur
380 3533 533 3603 bujusmodi
545 3532 635 3606 lugam
651 3534 677 3589 in
693 3532 818 3588 iraedem
832 3533 949 3602 iecisse,
1000 3539 1150 3595 observari.
1408 3599 1410 3604 ,

162 3628 280 3685 dedicio
301 3627 426 3689 claustro
441 3611 574 3696 ejiciant,
589 3636 618 3683 et
640 3625 702 3697 ejici
724 3627 882 3696 permittant
900 3641 949 3699 per
1035 3626 1245 3698 brclriepiscopo
1265 3621 1395 3682 ilemenei
1425 3632 1454 3682 et
1480 3621 1540 3694 eius
1561 3624 1740 3698 suffraganeis
1759 3633 1790 3684 ul

161 3721 266 3776 coriam
281 3718 470 3789 temporalem.
1000 3719 1162 3783 sententias,
1183 3718 1253 3773 lates
1274 3727 1370 3773 eontra
1379 3717 1562 3784 badericum,
1582 3719 1792 3792 primogenitum

161 3871 166 3882 ‚
198 3811 264 3882 liegi
288 3810 459 3868 Francorum
481 3809 613 3866 scribitur
636 3807 950 3875 etbertatur,ntlaro'-‘
1001 3811 1074 3881 regis
1094 3809 1219 3866 Franciee
1235 3818 1264 3865 et
1280 3825 1412 3880 sequaces
1432 3824 1508 3877 sues,
1529 3810 1727 3881 euiiovudeot
1748 3823 1794 3867 rer

161 3903 237 3973 bum,
264 3913 358 3961 uatum
383 3903 455 3974 regis
481 3909 508 3956 et
525 3901 626 3970 reginae
641 3901 799 3970 arepertum
819 3909 846 3954 et
865 3898 950 3953 baere·
1001 3905 1082 3974 'geum
1096 3901 1208 3971 Arrglire,
1220 3900 1358 3971 publicent
1371 3910 1399 3958 et
1407 3916 1456 3957 eas
1465 3900 1726 3958 luciamobservarl.

161 3995 235 4062 dem,
249 4009 330 4065 super
342 3994 461 4053 dorniuio
475 3988 713 4060 berrtispessulaoi
729 4004 784 4045 nen
803 3987 949 4060 impediat,
1038 3994 1138 4049 Eodem
1161 3993 1255 4057 motio,
1276 3992 1391 4048 diversis
1417 3991 1629 4062 arciriepiscopia
1650 3999 1677 4047 et
1697 4000 1793 4047 eorum

161 4102 211 4144 sce
223 4086 356 4152 molestet,
369 4084 462 4142 neceb
476 4083 537 4139 aliis
552 4081 688 4138 molestari
706 4082 859 4153 permittat.
1002 4083 1192 4153 suffraganeis,
1202 4097 1251 4155 per
1265 4099 1377 4155 regnum
1387 4083 1511 4140 Francius
1526 4083 1691 4140 consututis.

199 4177 284 4234 Priori
295 4177 530 4234 Granditnontensl
544 4176 672 4233 scribitur
683 4183 711 4229 et
723 4173 867 4229 ordinator
877 4171 950 4243 rpuod
1037 4173 1174 4243 Episcopo
1189 4182 1216 4227 et
1233 4173 1324 4228 abbati
1343 4171 1436 4229 Sancti
1449 4172 1581 4240 lictoris,
1591 4170 1790 4229 Parislensibut

163 4270 191 4325 in
205 4268 369 4341 quibuslibet
382 4267 486 4325 cellulis
504 4263 760 4324 Grandimontensis
781 4263 888 4320 ordinis
904 4278 953 4334 per
1002 4264 1149 4319 mandatur
1167 4270 1197 4318 et
1216 4261 1577 4320 catrcellarleloudonieosi
1595 4263 1793 4334 etquibusdam

164 4361 251 4432 ipsum
265 4359 381 4428 priorem
398 4367 427 4414 ct
438 4372 613 4414 successores
633 4371 697 4412 suos
713 4369 783 4410 uuus
804 4356 948 4428 presbyter
1003 4353 1064 4410 eliis
1083 4353 1215 4422 suspectis
1229 4353 1263 4410 de
1282 4353 1507 4424 iniquitatisque
1523 4361 1619 4408 eontra
1637 4365 1726 4425 regem
1737 4349 1795 4408 latr*

163 4451 313 4514 ordinetur,
329 4458 357 4503 et
371 4448 494 4519 quaedam
509 4445 569 4500 alim
582 4445 769 4501 ordinationes
781 4445 944 4500 scribuntur
964 4444 1064 4518 liyiicc
1082 4453 1263 4515 perpetratur,
1283 4445 1422 4514 assignent
1444 4444 1610 4511 terminum,
1626 4451 1660 4498 ul
1680 4459 1710 4500 se
1730 4457 1794 4500 eote

164 4541 191 4595 in
203 4541 267 4610 ipsis
280 4539 388 4594 litteris.
1004 4537 1109 4607 spectoi
1128 4536 1277 4604 apostolico
1295 4542 1503 4606 representem.

198 4625 373 4693 liitrrrieeusi‚
386 4622 573 4681 senonensiet
586 4621 742 4678 toronensi
765 4622 952 4694 erebiepisco·
1038 4624 1256 4695 brebiepiseopis
1276 4632 1304 4679 ct
1324 4623 1458 4693 episcopis
1477 4637 1528 4694 per
1543 4637 1660 4694 regnem
1672 4621 1797 4680 ireneias

164 4720 207 4789 pis
216 4717 399 4772 mandaturot
408 4727 586 4786 quoscunque
600 4711 714 4769 rebelles
725 4721 820 4768 contra
832 4713 951 4784 priorem
1001 4715 1158 4771 constitutit
1181 4715 1327 4770 inundatur
1347 4723 1380 4768 ιιι
1395 4713 1561 4783 permittent
1583 4712 1691 4770 iudans
1714 4713 1794 4770 talem

121 4837 130 4850 ·
163 4808 438 4866 Grandimootensem
449 4816 477 4861 et
490 4803 549 4875 eius
561 4803 665 4860 ordinis
680 4812 785 4860 statuta
801 4804 950 4862 rebellione
1003 4815 1110 4877 gestare
1123 4805 1320 4874 irabitum,·per
1330 4815 1412 4874 quiem
1423 4802 1527 4873 possint
1542 4803 1797 4865 interiiiuristimce

164 4914 273 4955 cessare
290 4898 463 4970 compellant.
1005 4897 1140 4970 discerni,
1163 4909 1214 4950 nec
1232 4895 1269 4950 ad
1290 4893 1370 4949 telem
1384 4893 1735 4967 pertundumeompcllaot,
1746 4903 1797 4965 per

200 4989 323 5060 Capitale
336 4988 461 5046 Remensi
474 4986 668 5044 conlirmantur
681 4986 722 5041 eis
736 4985 862 5056 quadam
874 4984 949 5042 deci·
1007 5001 1087 5059 quem
1098 4986 1203 5060 possint
1215 4985 1276 5042 vitre
1286 4985 1458 5057 dispendium
1470 4985 1617 5048 sustinere,

165 5095 227 5145 nrae,
240 5091 267 5137 et
278 5082 330 5136 elia
346 5081 416 5137 bona
430 5094 491 5152 oea
499 5078 573 5149 iuste
585 5078 736 5148 possident,

203 5277 268 5420 g?
297 5277 343 5334 Sic
353 5277 452 5348 legitor
468 5277 496 5330 in
509 5287 672 5346 apograpno.

252 5277 278 5420 lg
297 5348 343 5404 Sic
365 5348 462 5419 legitur
481 5345 507 5401 io
528 5343 684 5414 apographo
709 5342 837 5399 aventicae
856 5347 888 5395 ui
908 5338 1027 5396 vitietur«

852 5549 1108 5576 W
