4109 6325
124 266 127 269 ἢ
149 322 214 383 ttht
590 315 855 380 heorstanum
874 312 1024 375 decumo
1045 312 1177 373 holtam
1196 311 1334 372 lllPEllll.
1698 314 1769 373 ltus

145 443 264 510 talesque
279 436 483 493 urritersitntctu
497 442 616 492 nestram
629 447 773 491 monemus
798 432 931 489 attentius
945 435 966 493 t
981 428 1170 497 liatttnonum,
1191 428 1351 500 Papiensem
1376 434 1402 483 ct
1423 426 1607 485 Placentinum
1627 425 1769 497 episcopos

145 542 174 589 et
187 546 237 601 per
257 528 406 600 apostolica
418 528 496 585 robis
509 527 609 597 scripta
623 527 783 582 mandamus
798 532 931 594 quatenos
982 526 1069 575 roset
1083 517 1251 575 Lomhordos
1262 519 1330 575 alios
1355 518 1499 573 conuocari
1519 518 1689 583 mandamus,
1715 518 1769 572 talc

142 638 210 679 corn
232 618 371 692 predictis
383 618 529 689 episcopis,
550 618 650 689 quihus
676 616 759 672 etiam
787 614 931 670 renerahi-
983 608 1050 664 dare
1073 608 1214 663 consillum
1238 617 1265 662 ct
1286 608 1415 663 auxilinm
1437 608 1596 677 promittere
1620 609 1769 678 pmenrctis

142 711 200 771 lem
216 711 328 767 tratrem
349 718 472 765 nostrum
484 708 660 764 llantuannm
674 705 831 775 episcopum
854 703 930 759 duri·
981 701 1054 771 qnod
1081 702 1171 756 coeteri
1191 700 1315 771 exemplo
1341 710 1432 757 uestro
1450 702 1484 755 ad
1510 701 1678 757 devotionem
1698 700 1769 771 regis

145 820 206 859 mm
219 800 496 870 sociandum,ntpote
514 800 561 869 qui
586 811 648 867 quae
677 812 691 851 a
717 796 795 851 nohis
823 793 927 849 audivit
982 792 1068 861 ipsius
1082 792 1178 848 lortius
1196 791 1370 859 inducantur,
1390 801 1417 847 et
1433 790 1573 847 consilium
1585 804 1705 847 suumcx
1723 806 1768 845 re-

145 894 223 949 rohis
235 891 342 963 plenius
353 890 453 961 poterit
471 888 532 943 vira
540 901 607 945 uoco
620 888 733 953 reterre,
750 900 812 941 cum
827 885 861 940 ah
880 884 922 940 eis
983 888 1040 937 stra
1068 883 1243 952 responsione
1265 882 1413 937 lormmucs
1437 882 1615 951 polliceantur
1640 882 1768 937 atrxilium

146 984 252 1040 fueritis
264 980 380 1047 euocati,
396 980 430 1035 ad
442 980 513 1035 diem
530 988 559 1035 et
575 978 663 1034 lorum
677 990 758 1048 quem
773 976 931 1046 rohisprte-
981 980 1173 1044 opportunum.
1190 972 1245 1029 Nec
1256 974 1396 1043 trepidetis
1415 973 1459 1028 ruhi
1481 986 1532 1027 uon
1549 981 1592 1027 est
1616 972 1650 1028 de
1665 980 1766 1029 cmtero

147 1073 256 1129 tinerint
267 1072 438 1137 aecedentes,
455 1068 584 1123 currilium
597 1075 625 1121 et
643 1066 786 1122 consilinm
807 1074 928 1121 restrum
982 1064 1185 1133 trepidandum,
1202 1078 1262 1118 cnm
1285 1063 1369 1131 ipsius
1385 1062 1456 1134 regis
1483 1063 1616 1132 promotio
1646 1072 1767 1133 optatum

146 1180 195 1235 per
204 1178 252 1220 eos
263 1169 291 1217 ct
304 1161 412 1217 litteras
436 1169 543 1215 vestras
555 1159 634 1215 nohis
647 1158 756 1229 plenius
767 1156 927 1229 exponatis.
979 1150 1081 1223 jugiter
1095 1154 1208 1223 recipiat
1219 1152 1430 1222 incrementum,

182 1257 278 1314 ilatum
292 1254 433 1325 anapia,
446 1262 475 1309 ut
488 1271 579 1323 supra.

487 1344 580 1400 xciv,

174 1452 361 1503 namurensi,
375 1451 506 1502 rtrtsusr,
520 1451 688 1495 rutenurmo
711 1452 747 1493 er
763 1452 906 1492 tantumn

470 1544 611 1587 entscorrs.

178 1622 247 1680 'tium
258 1637 309 1695 per
324 1637 384 1687 uos,
400 1621 500 1679 luntres
514 1622 710 1686 Ferrariensis,
741 1621 890 1693 Papicnsis
904 1630 932 1677 et

143 1715 319 1783 Placentinae.
346 1712 516 1771 venerabiles
540 1714 639 1769 iratres
661 1722 770 1769 nostros
794 1713 931 1783 archiepi-

144 1822 258 1878 scopos,
269 1810 410 1877 episcopos
426 1813 460 1861 et
475 1805 671 1862 dilectoshlios
689 1805 801 1861 thhates
823 1811 851 1859 et
865 1805 932 1861 aiios

143 1898 329 1955 Ecclesiamm
346 1896 484 1968 prelatos,
501 1904 621 1952 rectores
632 1908 751 1967 quoquc,
769 1903 928 1965 potestates,

142 1988 289 2055 consules,
328 1988 514 2055 marchiones,
539 1987 653 2043 comites
680 1996 709 2043 et
739 1986 807 2043 alios
829 1986 933 2042 nohiles

145 2077 317 2135 Lomhardie
330 2092 412 2149 super
428 2076 501 2134 tacto
515 2076 622 2147 imperii
654 2076 811 2132 dormimus
835 2090 934 2134 cousu-

143 2170 250 2236 teodos,
261 2179 327 2236 etc,
342 2170 369 2225 iu
383 2169 502 2225 eumdem
516 2168 574 2237 [ers
584 2168 689 2223 modum
703 2184 785 2239 utque
796 2183 933 2238 exponen·

145 2260 221 2317 dam.
236 2260 305 2329 Quia
320 2276 386 2317 uero
398 2269 438 2327 tu,
452 2260 541 2316 irater
553 2259 711 2327 Mantuano,
725 2274 787 2332 que
812 2275 828 2316 a
854 2262 933 2317 nohis

146 2352 248 2409 audisti
262 2353 416 2425 eispoteris
445 2353 506 2409 vira
532 2367 601 2409 uoce
626 2352 741 2419 reierre,
769 2353 932 2408 fraternitati

143 2453 245 2499 restrae
256 2458 308 2515 per
326 2443 472 2514 apostolico
485 2443 585 2513 scripta
605 2442 770 2498 mandamus
795 2451 932 2514 quatenns

143 2537 288 2607 praedictos
310 2536 451 2593 omnesad
475 2535 565 2592 locum
593 2535 720 2591 idoneum
752 2535 930 2601 convocetis;

145 2631 190 2684 ruhi
199 2630 418 2700 praesentatiscis
432 2629 581 2697 majoribus
590 2628 688 2683 litteris
698 2636 726 2682 ct
739 2628 876 2697 perlectis,
892 2636 932 2683 te·

145 2734 239 2775 norem
253 2736 347 2775 earum
361 2720 428 2791 ipsis
442 2719 599 2791 diligentius
610 2719 763 2789 exponatis,
790 2718 932 2788 erigentes

144 2810 182 2867 ah
196 2809 237 2866 eis
252 2821 282 2866 ut
293 2826 347 2865 non
366 2811 453 2865 solum
468 2810 611 2865 consilium
626 2809 706 2865 nohis
721 2807 853 2874 tribuant,
884 2809 932 2864 sed

144 2901 275 2957 auxilium
287 2911 314 2958 et
325 2901 655 2971 lotoremimpeudant,et
664 2914 746 2970 super
759 2908 874 2970 utroque
884 2914 934 2969 per

143 3008 211 3051 suas
236 3010 289 3049 nos
311 2996 426 3052 reddant
440 2994 545 3050 litteras
559 3004 585 3049 et
594 2994 703 3049 nuntios
713 2994 854 3051 certiores.
878 2992 933 3049 Vos

145 3101 256 3158 quoque
279 3102 327 3159 per
351 3088 459 3144 litteras
487 3096 593 3145 uestras
624 3085 817 3159 responsiones
834 3100 929 3142 corum

142 3178 223 3233 nohis
236 3179 341 3250 plenius
355 3180 497 3238 iotinretis.

179 3268 289 3339 Datum,
302 3280 430 3343 utsupra.

487 3361 565 3422 xcv.
791 3430 796 3438 ,

209 3467 358 3510 rorssrtrt
372 3470 407 3510 er
426 3469 601 3514 coasmmmrs
613 3467 864 3514 urorontususmus.

175 3545 423 3603 tttsiconstmuam
435 3557 554 3604 uestram
579 3560 607 3604 et
627 3549 790 3606 industriam
809 3547 932 3602 nouisse-

142 3651 216 3704 tnus,
234 3637 416 3707 potuissemus
432 3652 486 3694 non
500 3639 637 3696 immerito
666 3638 833 3695 comnioueri
859 3637 931 3707 quod

143 3728 311 3799 superiacto
323 3731 439 3800 imperii,
464 3730 498 3785 dc
527 3745 582 3801 quo
605 3740 659 3786 ttm
687 3743 836 3799 rosunum
864 3727 932 3783 aiios

141 3817 407 3888 Lorrrhardosnopcr
417 3821 544 3877 duximus
557 3821 747 3888 consulendos,
762 3820 799 3875 ita
822 3832 929 3875 summo

143 3918 224 3964 tenus
235 3918 265 3965 et
279 3911 422 3982 superficie
438 3919 517 3967 tenus
530 3912 709 3981 respondistis
721 3922 751 3967 ut
771 3911 930 3966 videremini

142 3999 218 4056 aliud
231 4016 330 4072 sapere
341 4017 423 4072 qnam
439 4003 511 4073 qood
524 4003 657 4059 hactenus
673 4017 722 4058 uos
734 4002 859 4058 nouimus
887 4017 931 4057 sa-

142 4093 245 4162 puisse.
254 4093 425 4148 lleminimos
435 4093 519 4161 euim,
533 4094 811 4151 ueccredidimustos
821 4092 929 4155 ohlitor,

1017 1242 1123 1304 Datum.
1138 1250 1166 1295 ut
1178 1256 1269 1311 supro.

1329 1376 1419 1435 xcvi.

983 1508 1120 1551 untvetsts
1135 1507 1189 1549 ΤΛΙ
1201 1508 1411 1550 scettSttsttcts
1420 1508 1493 1557 cusu
1502 1507 1686 1551 SECUthlthS
1696 1510 1771 1551 entit-

1230 1599 1333 1641 crotous
1354 1599 1520 1643 tthhltrtttllti.

1018 1697 1151 1767 Quondam
1166 1699 1337 1771 diligentibus
1350 1698 1433 1753 herrm
1446 1700 1536 1755 omnia
1548 1709 1729 1770 cooperamur
1741 1702 1767 1755 in

948 1771 1097 1853 flnoonm,
1124 1799 1151 1845 et
1178 1789 1276 1845 diriore
1297 1790 1442 1846 uoluntatis
1469 1790 1635 1859 propositum
1659 1789 1768 1857 atridam

986 1886 1049 1934 tunc
1061 1878 1176 1947 aroprlim
1190 1886 1349 1951 promovent
1366 1878 1429 1934 dtrm
1444 1878 1507 1933 illud
1529 1894 1558 1935 se
1577 1880 1693 1935 credunt
1715 1879 1771 1936 lm·-

985 1966 1040 2024 tius
1057 1968 1200 2039 impedire,
1213 1970 1344 2040 qttosdam
1360 1968 1511 2039 iniquitatis
1525 1968 1630 2025 filioset
1646 1969 1772 2026 falsitatis

984 2060 1096 2129 amicos,
1108 2060 1152 2131 ani
1167 2076 1216 2131 per
1228 2062 1366 2118 mendacia
1381 2062 1543 2117 concinnata
1557 2062 1655 2118 diuinae
1681 2064 1773 2134 dispo-

984 2152 1090 2207 sidonis
1104 2153 1246 2208 arbitrium
1258 2152 1284 2208 in
1297 2152 1467 2224 promotione
1479 2152 1635 2208 charissimi
1652 2154 1677 2208 iu
1692 2153 1773 2209 Chri·

985 2252 1027 2298 sto
1043 2242 1090 2299 tilii
1108 2245 1192 2309 nostri
1208 2244 1319 2301 illustris
1331 2245 1401 2316 regis
1412 2242 1531 2311 Ottonis,
1547 2244 1772 2301 inhumanorum

984 2332 1178 2405 imperatorem
1199 2335 1288 2401 electi,
1312 2336 1451 2391 retardare
1477 2336 1620 2403 uolebant,
1649 2336 1773 2406 permisit

984 2424 1114 2481 Dourinus
1126 2426 1151 2481 in
1169 2428 1310 2483 mendacio
1322 2427 1430 2498 puhliee
1452 2426 1638 2496 deprehendi;
1665 2437 1695 2483 ιιι
1708 2443 1770 2485 euru

984 2517 1129 2572 mendaces
1159 2528 1322 2589 apparerent
1338 2518 1366 2572 in
1379 2533 1443 2584 uno,
1460 2519 1664 2575 demererentur
1676 2520 1702 2575 in
1718 2536 1773 2577 cte-

983 2608 1049 2662 tcris
1060 2608 1207 2665 mendaciis
1217 2610 1274 2665 suis
1289 2608 1442 2675 tidem,'nec
1452 2610 1583 2673 savorem,
1598 2625 1678 2681 quem
1694 2626 1772 2669 men·

985 2701 1078 2759 tiendo
1092 2703 1189 2759 saltem
1205 2704 1326 2759 indicare
1340 2704 1477 2773 tolcham,
1487 2706 1557 2775 apud
1566 2706 1690 2762 ueritatis
1702 2705 1772 2761 lilios

984 2791 1147 2848 obtinerent.
1164 2794 1343 2849 Ecceetenim
1358 2794 1381 2849 ei
1393 2794 1439 2863 qui
1457 2808 1525 2864 qtros
1544 2805 1617 2852 amat
1638 2796 1728 2866 arguit
1744 2805 1773 2852 ct

983 2883 1100 2956 castigat
1111 2886 1437 2957 gratiarumcrsoluimus
1448 2887 1773 2959 actionesqnodvisitnus

984 2975 1772 3035 uisitauitnosetsecundumntultitmlinemmiserationum

985 3070 1771 3141 suarnmnospropitiuscastigavit,sednrortiaorrtradidit,

986 3158 1339 3234 imoqntpsreusseratjam
1354 3165 1470 3232 sonavit,
1482 3176 1508 3221 et
1522 3168 1622 3222 nostris
1633 3167 1773 3224 contritio·

982 3253 1062 3307 nibus
1074 3253 1197 3324 alligatis,
1217 3254 1320 3326 plenius
1331 3270 1379 3311 nos
1386 3257 1503 3312 restituit
1513 3257 1632 3313 sanitati.
1646 3257 1773 3314 Credide-

982 3353 1044 3400 rant
1057 3358 1145 3402 autem
1158 3347 1265 3419 qnidam
1279 3365 1312 3406 er
1329 3349 1486 3406 infirmitate
1505 3358 1595 3406 nostra
1610 3365 1640 3408 sc
1658 3351 1771 3406 nocendi

983 3439 1124 3495 materiam
1140 3443 1327 3512 assumpsisse,
1345 3459 1376 3498 ac
1389 3458 1438 3498 nos
1458 3453 1579 3500 mortuos
1598 3444 1770 3510 mentientes,

982 3530 1769 3605 eotrdnxcruntetiarnqundnohisaliuslueratsuhstitutus;

982 3636 1072 3692 qtteru,
1087 3633 1116 3678 nt
1129 3638 1222 3680 eorum
1241 3627 1398 3682 crederetur
1417 3627 1532 3698 amplius
1547 3627 1674 3696 lalsitati,
1692 3643 1772 3684 utica·
1820 3655 1822 3660 ·

982 3729 1046 3770 uere
1062 3731 1111 3785 pro
1131 3732 1178 3772 sua
1195 3717 1334 3774 uoluntate
1348 3720 1530 3786 Clementem;
1555 3719 1599 3776 cni
1619 3721 1701 3776 ctiam
1723 3737 1772 3777 cu·

982 3805 1076 3862 dentes
1091 3823 1187 3864 uotam
1204 3809 1304 3866 hollam
1318 3820 1345 3866 et
1362 3810 1466 3867 litteras
1483 3821 1687 3880 componentes,
1709 3813 1772 3868 surh-

982 3897 1151 3956 stitntionem
1167 3901 1238 3958 illius
1250 3903 1301 3960 uisi
1315 3913 1378 3959 sunt
1389 3919 1437 3974 per
1451 3904 1608 3960 'teutoniam
1622 3905 1770 3976 divulgare.

982 3988 1037 4044 Sed
1050 3991 1208 4050 benedictus
1230 3995 1358 4051 hominos
1372 3996 1441 4052 herus
1456 4007 1556 4060 noster,
1574 3999 1700 4067 quondam
1717 4013 1770 4054 nou

982 4086 1122 4142 noluissed
1142 4088 1192 4143 sihi
1211 4089 1300 4157 potins
1316 4089 1444 4161 initptitus
1464 4100 1506 4146 cst
1526 4091 1654 4154 nrerttita,
1678 4099 1705 4145 ct
1726 4091 1770 4160 qui

142 4185 262 4254 qualiter
270 4186 335 4241 olim
349 4203 397 4258 pro
411 4188 574 4245 charissimo
597 4188 624 4242 in
640 4186 749 4242 Christo
767 4185 823 4241 silio
837 4194 932 4240 nostro
981 4191 1146 4251 paraverant
1160 4183 1284 4252 proximo
1297 4199 1346 4238 sno
1360 4183 1479 4244 lorcatn,
1493 4184 1546 4254 ipsi
1558 4183 1660 4253 alisque
1674 4183 1718 4238 illo
1732 4183 1773 4237 in-

142 4274 244 4331 illustri
263 4291 326 4347 rege
343 4276 456 4346 Ottone,
480 4279 507 4332 in
532 4278 715 4334 homanorum
740 4275 930 4344 insuperatorem
982 4271 1105 4326 ciderunt
1125 4271 1151 4327 in
1176 4289 1247 4331 earn.
1271 4274 1330 4328 latu
1354 4276 1424 4329 enim
1450 4273 1639 4330 tntrnilestatur
1664 4275 1771 4329 illorum

141 4367 290 4437 eleetoper
304 4368 409 4425 litteras
424 4383 668 4440 uestras,quarum
684 4369 931 4438 inscriptumuohis
982 4363 1088 4418 malitia
1111 4372 1137 4419 et
1163 4366 1293 4435 iniquitas
1317 4365 1470 4436 puhlicatur
1494 4367 1539 4436 tpui
1564 4377 1658 4450 contro
1681 4381 1770 4438 regom

140 4461 194 4516 suh
206 4460 278 4516 hulla
291 4471 385 4516 nostra
402 4460 534 4515 mittimus
545 4460 731 4525 interclusum,
760 4471 854 4527 preces
880 4459 931 4513 lm-
945 4468 969 4524 p
983 4456 1107 4510 eumdem
1121 4455 1296 4513 suhtrotrnm
1312 4467 1468 4514 nostrorum
1483 4470 1509 4513 et
1523 4470 1617 4515 contro
1635 4458 1772 4516 venerahi-

141 4551 223 4607 miles
238 4552 407 4620 porrexistis,
421 4552 530 4623 inclytae
544 4549 740 4606 recordationis
755 4548 864 4606 ilenrici
879 4552 929 4606 du·

140 4641 184 4696 cis
204 4639 329 4695 saxoniae
341 4640 425 4709 patris
436 4640 495 4710 ejus
520 4641 649 4696 beneficia
673 4640 831 4696 recolentes.
859 4639 931 4697 Sanc

142 4745 206 4786 cum
218 4731 420 4786 consuetudinis
430 4739 527 4786 restrae
540 4730 623 4786 luerit
637 4737 667 4784 ut
678 4731 750 4799 quod
766 4729 873 4786 iorttter
886 4730 930 4785 iu·

141 4818 272 4887 educastis,
286 4820 383 4877 lortius
396 4819 579 4892 compleretis,
590 4819 753 4874 miraremur
767 4835 821 4876 nou
843 4821 931 4876 modi·

141 4926 207 4968 enm
223 4913 246 4969 si
258 4915 285 4968 in
300 4928 333 4968 eo
346 4914 518 4984 promotione
536 4913 607 4984 repis
619 4911 703 4982 ipsios
719 4913 874 4981 tepuissetis
902 4913 929 4966 iu

142 5002 235 5074 aliquo
253 5004 295 5060 rcl
308 5008 475 5076 propositum
489 5005 655 5072 mutassetis,
669 5005 798 5076 qnoniam
824 5003 930 5058 tortitu-

144 5094 498 5153 dinisrcstmecoustautiae
515 5096 661 5168 plurimum
678 5095 865 5150 mutabilitatis
880 5096 929 5148 ltu·

144 5183 260 5241 iusmodi
273 5185 368 5243 leuitas
381 5186 532 5258 derogaret.
543 5185 683 5240 ilonemus
694 5184 776 5253 igitur
786 5182 929 5240 discretio·

143 5289 207 5329 uem
221 5285 339 5332 uestram
350 5288 378 5333 et
392 5277 568 5334 exhortamur
578 5274 708 5331 attentius
719 5285 747 5330 ct
757 5290 805 5343 per
822 5285 929 5344 aposto-

143 5365 198 5420 lica
212 5367 286 5424 vohis
300 5370 400 5440 scripta
409 5367 928 5439 mandamusqmtenussicutdeuestra

142 5458 288 5517 devotione
300 5460 471 5530 contutatus,
496 5470 525 5516 ct
547 5476 597 5517 uos
616 5462 649 5517 dc
665 5469 759 5515 nostra
785 5459 930 5514 dilectione

142 5551 273 5619 speratis,
290 5567 345 5609 uon
353 5555 488 5609 recedatis
501 5569 515 5608 a
527 5553 678 5609 coustantio
698 5552 796 5606 irretitis
815 5560 927 5618 uestru;

144 5640 232 5694 sedin
248 5642 319 5700 houu
331 5645 470 5718 proposito
484 5645 672 5714 persistentes,
684 5643 710 5696 io
734 5643 869 5714 colloquio
896 5645 929 5698 ad

144 5735 218 5804 qtrod
235 5749 284 5806 per
296 5737 463 5798 ucrrcrahilcs
477 5737 577 5794 iratres
591 5744 699 5793 nostros
712 5734 928 5805 Ferrarieuscm,

982 4547 1035 4602 lem
1056 4547 1169 4604 tratrem
1195 4557 1317 4604 nostrum
1333 4549 1516 4621 llagtrntimrm
1540 4551 1770 4619 archiepiscopum

981 4639 1033 4694 suh
1046 4641 1138 4696 nostro
1152 4641 1260 4697 nomine
1273 4641 1377 4696 litteras
1391 4642 1417 4696 in
1433 4641 1559 4696 falsitatis
1571 4641 1670 4697 lahriea
1687 4641 1770 4696 ialrri·

981 4739 1088 4798 carurrt,
1102 4732 1141 4786 sie
1152 4745 1249 4786 nocere
1262 4731 1381 4786 uolentes
1394 4731 1431 4784 illi
1445 4742 1474 4785 ut
1485 4732 1562 4786 uohis
1577 4731 1770 4802 impingeretur

982 4823 1077 4876 uitium
1098 4821 1233 4876 falsitatis.
1254 4821 1321 4876 Cum
1334 4821 1429 4892 'igitur
1451 4821 1595 4877 rtrcndaces
1615 4822 1767 4890 husjusmodi

981 4923 1073 4983 aperte
1091 4913 1172 4970 toties
1187 4914 1242 4968 sint
1260 4913 1366 4968 mentiti
1382 4922 1409 4968 et
1428 4915 1509 4968 toties
1531 4914 1557 4968 in
1575 4929 1630 4968 suae
1648 4915 1768 4970 testimo·

980 5005 1055 5060 uiunt
1071 5003 1197 5060 falsitatis
1213 5005 1309 5060 litteris
1324 5004 1398 5060 salsis
1413 5004 1466 5070 usi,
1482 5016 1622 5060 rrronemus
1636 5007 1768 5062 uniuersi-

981 5103 1064 5150 tatem
1079 5104 1196 5150 uestram
1213 5106 1239 5150 ct
1250 5096 1426 5150 exhortamur
1438 5095 1463 5148 io
1478 5095 1589 5150 liomino
1602 5105 1628 5150 et
1642 5111 1690 5166 per
1704 5112 1770 5164 apo·

980 5185 1076 5240 stolica
1091 5185 1166 5240 rolris
1182 5187 1283 5253 scripta
1297 5185 1456 5240 tutandamus
1477 5195 1610 5255 quatenus
1623 5185 1646 5240 si
1668 5185 1785 5240 siroilias

980 5275 1071 5331 lorsan
1086 5275 1244 5346 coolmgant
1255 5276 1289 5332 de
1303 5284 1411 5340 eaetcro,
1428 5291 1480 5330 non
1496 5277 1633 5340 credatis,
1648 5291 1698 5331 nce
1710 5291 1768 5330 mo-

979 5369 1097 5424 veamini
1111 5384 1160 5440 per
1174 5383 1325 5425 sermonem
1341 5374 1387 5422 out
1404 5367 1544 5432 epistolum
1559 5377 1684 5437 tunquam
1703 5370 1768 5426 mis·

980 5475 1038 5515 satu
1054 5462 1104 5516 suh
1117 5468 1210 5515 nostro
1227 5459 1337 5514 nomine
1351 5457 1384 5512 ad
1406 5457 1569 5514 credendum
1588 5462 1659 5526 ‹pmo
1681 5473 1767 5529 tneque

980 5553 1049 5609 adeo
1064 5553 1148 5608 simus
1170 5551 1197 5606 iu
1213 5549 1351 5622 proposito
1369 5557 1461 5603 nostro
1480 5548 1549 5605 leues
1566 5563 1596 5604 ut
1617 5551 1689 5621 quod
1709 5563 1766 5609 nrt·

983 5655 1042 5700 ture
1056 5645 1221 5716 disponimus
1235 5641 1327 5697 leuiter
1343 5654 1510 5699 revocemus.

1016 5737 1111 5791 Datum
1127 5733 1262 5807 longuino,
1277 5730 1366 5788 idibus
1381 5728 1544 5788 Decctnhtis.
