4109 6325
263 364 314 421 lbb

262 572 296 627 ad
308 570 456 642 perjurium
472 576 714 637 tecorvseqnenter
735 567 868 637 urgendo,
879 566 924 638 cpri
951 568 1003 623 nisi
1017 567 1052 622 ad

262 666 412 722 Ecclesiam
433 662 764 732 constantinopolitanam
785 662 939 728 accederes,
968 661 1055 717 credi·

263 755 366 810 toribus
389 750 547 806 satisfacere
562 766 615 805 nou
632 761 741 821 poteras
752 752 785 807 de
800 752 914 822 pecunia
929 759 1053 807 nantuato

262 842 559 915 superconllrrnatione
576 845 760 914 quarumdam
776 844 960 899 Ecclesiarum
985 858 1053 913 qtras

261 932 493 1001 Constantinopoli
509 932 633 986 detinent
655 928 798 987 coactione
810 931 952 1001 multiplici
967 932 1055 1003 qnod-

262 1022 324 1077 darn
339 1020 506 1076 extorserint
530 1019 669 1090 pnnlicnm
697 1020 920 1087 instrumentum,
941 1036 989 1076 rios
1006 1022 1055 1077 ho-

261 1115 360 1173 nestati
372 1114 562 1170 ecclesiastic-e
580 1114 723 1184 pernitiem
735 1112 866 1180 volentes,
879 1114 1055 1183 praesentium

162 1194 167 1203 ’
263 1204 428 1258 auctoritate
456 1202 630 1258 decernimus
655 1200 865 1255 instrumentum
892 1204 980 1270 ipsum
1006 1217 1056 1271 per

262 1294 416 1363 lurjnsnmdi
429 1294 743 1348 coactionemeatortuna
760 1292 862 1347 viribus
875 1306 986 1349 orrarnuo
1010 1308 1057 1347 cn-

263 1401 335 1443 acre.
350 1386 420 1442 Nulli
432 1401 508 1457 ergo,
523 1394 588 1451 cte,
614 1384 832 1455 laanepaginam
849 1394 949 1441 nostrae
962 1382 1058 1440 dilliai·

266 1480 347 1535 tionis
361 1480 518 1549 intringere,
534 1486 599 1543 etc,
614 1493 695 1547 aspare
710 1477 894 1532 incursurum.

302 1572 398 1625 Datum
411 1570 547 1635 Laterani,
560 1584 586 1623 ra
607 1566 667 1622 Kal.
686 1568 853 1635 Decembris,
868 1582 940 1624 auno
954 1568 1056 1626 duodo·

267 1664 348 1721 cirne.

307 1740 311 1745 ·
614 1730 722 1817 Cllld.¹

603 1841 720 1880 etnnn.

497 1918 534 1971 De
550 1918 657 1971 riecirnie
680 1916 820 1973 soluendis.

514 2010 634 2080 (Datum,
650 2018 677 2061 nt
688 2009 716 2061 in
731 2008 809 2078 olio.)
862 2067 864 2072 ¹

671 356 868 416 annocentia
887 358 919 415 lll
937 356 990 417 PP.
1011 358 1250 419 detestentur
1268 358 1333 416 Llll.
1355 359 1411 417 llll.

261 492 434 551 properares,
452 485 480 531 ct
499 472 593 529 Verreti
620 471 668 528 tibi
696 452 852 544 passagium
876 472 1094 545 denegantes.A

1843 359 1898 417 lbi

1442 471 1558 530 cantv.

1105 603 1309 644 tncnteatscoro
1331 600 1488 642 estettettst
1502 601 1538 640 rer
1555 598 1741 641 stttaantettst
1760 598 1899 650 eviscero,

1140 695 1176 734 rer
1190 694 1293 735 acerno
1310 693 1344 733 art
1369 693 1510 734 attactum
1532 692 1852 735 consannrruoaoctraao

1160 770 1208 824 Eis
1223 768 1395 823 comnrlttitar
1403 769 1536 822 enecatio
1546 767 1687 836 cujusdam
1700 767 1846 821 sententie.

1356 881 1477 953 (batum,
1490 891 1519 935 at
1530 882 1558 936 in
1569 881 1652 953 aliie.)

1141 994 1324 1064 (Verterabilis
1349 994 1435 1050 irater
1460 1005 1556 1051 noster
1578 994 1901 1067 Covrstautinopolltanus

1105 1088 1263 1161 patriarcba
1291 1095 1385 1145 nostro
1406 1084 1570 1158 apostolatui
1595 1088 1730 1144 reseravit
1744 1089 1817 1159 quod
1835 1104 1899 1145 curn

1106 1184 1231 1238 bouvines
1244 1183 1278 1238 de
1295 1184 1420 1255 spigant,
1440 1183 1486 1238 ubi
1501 1196 1640 1251 nunquam
1655 1181 1801 1252 episcopus
1815 1182 1902 1237 exsti·

1109 1277 1151 1342 lit,
1172 1276 1232 1332 dari
1257 1276 1308 1343 sibi
1335 1277 1492 1347 episcopum
1513 1274 1694 1345 postularent,
1711 1273 1901 1329 idemltoela-

1107 1384 1171 1425 cere
1186 1379 1311 1425 metuens
1337 1370 1442 1438 absque
1468 1376 1563 1423 nostra
1576 1367 1685 1423 licentia
1710 1366 1835 1437 speciali,
1866 1366 1901 1420 ad

1107 1476 1201 1518 eorum
1227 1462 1385 1518 instantiam
1408 1460 1577 1531 episcopatui
1604 1460 1638 1514 de
1664 1458 1746 1513 Pario
1763 1457 1904 1512 commisit

1107 1556 1229 1611 eosdem.
1247 1554 1370 1624 Crtmque
1395 1553 1570 1624 postmodum
1595 1552 1754 1621 episcopum
1773 1550 1807 1605 dc
1820 1549 1903 1604 Pario

1109 1649 1282 1705 accedentem
1308 1649 1343 1703 ad
1375 1648 1448 1719 ipsos
1477 1645 1623 1699 admittere
1646 1651 1838 1710 recusassent,
1873 1641 1902 1694 in

1110 1740 1183 1812 ipsos
1206 1748 1267 1811 post
1282 1738 1497 1795 admonitionem
1521 1736 1760 1805 septusiveraum
1783 1733 1905 1805 patriar-

1072 1833 1159 1895 Bclra
1182 1831 1311 1903 praelatus
1334 1825 1625 1885 excommnuicationis
1648 1825 1813 1880 sententiam
1839 1837 1905 1891 pro-

1018 1918 1046 1931 ''
1106 1923 1249 1994 mitigavit,
1272 1936 1355 1990 quarn
1373 1918 1542 1975 auctoritate
1569 1917 1649 1986 petiit
1664 1914 1814 1986 apostoliea
1836 1927 1904 1969 con-

1108 2015 1223 2069 lirntari.
1239 2013 1372 2081 Quocirca
1392 2009 1552 2067 discretioni
1566 2017 1663 2064 vestre
1686 2022 1734 2078 per
1751 2005 1901 2077 apostoliea

303 2101 483 2159 Sacrosaneta
498 2098 621 2153 Romano
636 2097 759 2153 Ecclesia
772 2099 885 2153 devotos
897 2107 924 2153 et
940 2097 1056 2153 lrnmiles
1106 2106 1212 2177 wlpra
1238 2103 1403 2158 mandamus
1429 2110 1564 2171 quatenus
1587 2098 1689 2153 dietam
1713 2096 1903 2153 excommuni-

267 2191 337 2247 ffllllss
349 2206 382 2247 0¹
397 2199 511 2245 dsslllelae
522 2188 631 2258 Ρῑθῑῧῑῑῧ
646 2188 735 2244 ΟΠῙΰῑθ
759 2189 921 2258 propensius
945 2188 1057 2258 ‘finili‘
1107 2200 1226 2257 cationis
1240 2197 1417 2262 sententiam,
1430 2191 1712 2250 sicutrationabiliter
1724 2198 1767 2245 est
1783 2189 1901 2260 prolata,

267 2282 417 2349 cransuevit,
433 2291 460 2336 0²
471 2296 505 2337 ¹¹⁰
521 2295 666 2350 pravorum
682 2278 821 2335 ¹¹⁰¹¹¹l¹¹l¹¹¹¹
850 2280 982 2336 m⁰¹⁰⁵ffl⁵
1000 2280 1058 2349 api·
1110 2290 1219 2346 iacietis
1234 2289 1400 2344 auctoritate
1421 2294 1515 2341 nostra
1531 2282 1667 2353 usquead
1684 2278 1902 2335 satisfactionem

267 2382 368 2440 tcntnr,
391 2389 438 2429 eos
460 2380 589 2441 tanquam
615 2372 658 2442 pia
685 2381 775 2427 mater
800 2388 856 2429 snae
882 2372 1058 2441 protectionis
1108 2383 1272 2453 ,onpjgnam
1299 2379 1482 2451 apponamus
1506 2374 1657 2447 postposita
1674 2371 1792 2427 firmiter
1807 2371 1903 2426 obser-

269 2466 419 2520 munimine
449 2463 603 2519 coalovcre.
636 2462 810 2535 Eaproptev,
838 2456 1003 2520 venerabilis
1031 2463 1058 2516 ia
1109 2476 1179 2531 (ari,
1203 2474 1279 2541 Quod
1297 2472 1320 2526 5(
1338 2487 1392 2527 non
1419 2477 1610 2535 omnemne„
1629 2464 1901 2531 dnovestrnm,etc.

267 2555 485 2625 Glaristofllvatcr,
502 2555 555 2609 tuis
575 2553 656 2622 justis
671 2556 898 2626 postulationibus
921 2554 1058 2618 inclinati,

268 2646 442 2715 praesentium
461 2644 508 2699 tibi
517 2645 679 2699 auctoritate
692 2646 866 2702 covreedlmus
884 2655 914 2700 nt
925 2646 959 2699 ab
972 2645 1060 2699 cccle-

268 2738 388 2791 sia-ture
412 2733 539 2789 dioecesis
556 2734 773 2789 cathedraticum
790 2735 898 2805 eripere
912 2734 1011 2798 valeas,
1032 2742 1059 2788 et

269 2838 474 2895 percensuram
488 2822 700 2879 ecclesiasticam
714 2822 896 2893 appellatione
910 2824 1058 2893 postposita

269 2917 380 2973 Graecos
389 2929 487 2985 eogere
501 2916 534 2969 ad
548 2916 669 2971 decimas
681 2916 728 2971 tibi
738 2916 842 2971 debitas
853 2917 1058 2987 persolvendas.

270 3006 342 3062 Nulli
357 3022 434 3075 crgo,
447 3016 516 3073 etc.,
534 3008 605 3062 banc
620 3010 744 3077 paginam
758 3016 856 3063 nostrae
875 3008 1059 3064 concessionis

271 3095 507 3168 lutringensem,
523 3114 605 3169 nepae
624 3098 808 3174 incursurum.
873 3120 879 3131 ·

307 3190 416 3257 ilatum,
428 3200 456 3244 at
467 3190 495 3242 in
505 3187 569 3244 clia.

618 3259 720 3316 CXLll.

394 3440 475 3494 Arata
486 3457 538 3494 tron
551 3366 762 3496 caseEtlrLlLaLndu
776 3439 939 3510 infidelibus.

530 3533 652 3603 (liutara,
666 3543 694 3586 ut
707 3535 735 3586 in
747 3532 824 3604 ulia.)

306 3619 372 3676 Cuut
387 3620 509 3674 avaritiae
523 3611 613 3676 ie'rvor
629 3622 656 3675 in
677 3631 781 3676 tantum
808 3622 914 3678 animos
932 3636 1062 3693 quorum·

270 3710 333 3766 darn
344 3711 502 3766 accettderit
516 3719 554 3779 ut,
573 3712 645 3767 sicut
657 3713 758 3768 uostris
776 3723 818 3768 est
831 3713 942 3769 auribus
955 3713 1062 3769 intima·

270 3813 338 3872 tum,
350 3804 421 3877 ligna
444 3814 472 3860 ct
495 3821 571 3860 arram
587 3805 723 3876 prohibita
736 3807 762 3861 in
776 3805 969 3862 Alexandriam
986 3805 1063 3862 dele·
1113 3844 1171 3900 “hm
1191 3841 1412 3910 iurisdictionem

269 3904 342 3960 rant,
356 3909 404 3964 per
418 3909 479 3965 quae
493 3895 520 3950 in
535 3895 665 3965 injuriam
679 3897 795 3951 nominis
810 3895 958 3951 Cirristiani
972 3898 1062 3952 subsi-

270 3986 313 4041 dia
329 3986 484 4040 iulldelibus
502 3987 727 4052 subministrant,
744 3987 908 4068 lvatcrnitati
923 3997 975 4044 tute
990 4005 1060 4060 prm-

270 4077 388 4132 scntinm
401 4078 563 4144 auctoritate
574 4080 750 4137 concedimus
762 4091 896 4152 quatenus
906 4079 1060 4150 lrvrjusnmrli

271 4167 319 4222 tibi
347 4168 483 4238 subjectos
497 4178 527 4223 nt
552 4186 567 4224 a
586 4186 636 4226 sua
655 4185 735 4241 snper
751 4173 802 4230 boe
820 4173 972 4229 temeritate
990 4173 1061 4226 desi-

271 4267 345 4314 stant
357 4255 507 4318 urovtitione
521 4266 658 4334 praemissa
675 4281 879 4336 percensuram
894 4265 1062 4322 ecclesiasti-

271 4363 332 4404 cam
347 4351 526 4421 appellatione
541 4365 644 4410 reraota
654 4356 812 4428 centpellas.
823 4354 893 4411 Nulli
903 4372 976 4428 ergo,
991 4366 1059 4425 cte,

272 4440 342 4495 bane
356 4443 483 4512 paginam
514 4455 613 4502 nostem
632 4448 829 4516 concessionis,
844 4456 909 4514 etc„
925 4463 1005 4520 aeque
1017 4447 1062 4504 in·

275 4548 431 4590 cutetttttttt.

306 4623 415 4695 batum,
431 4636 458 4682 ut
471 4628 499 4682 in
515 4630 581 4685 nlla.

607 4701 719 4758 CXLlll.

606 4788 723 4827 erana.

360 4857 399 4913 De
415 4862 577 4931 excerptione
587 4863 777 4934 archiepiscopi
788 4861 970 4919 Putracencie.

484 4951 634 5024 (Laterani,
648 4965 677 5008 at
691 4955 718 5008 in
732 4955 844 5027 prima.)
878 5013 880 5020 ,

1118 2637 1121 2641 A
1146 2566 1255 2631 barura,
1269 2574 1296 2617 at
1310 2563 1339 2617 in
1351 2563 1423 2616 aliie.

1454 2652 1556 2711 extr.

1430 2762 1572 2803 ersoaa.
1776 2808 1780 2815 Ι

1269 2842 1308 2896 lic
1321 2839 1488 2895 urontrelerr'ie
1506 2835 1740 2906 patriarchalibus.

1283 2930 1433 3000 (Laterani,
1449 2944 1477 2983 nr
1489 2926 1550 2981 llal.
1563 2923 1743 2995 Decembris.)

1147 3024 1187 3078 Ea
1213 3022 1408 3091 conquestione
1436 3018 1599 3075 venerabilis
1632 3016 1726 3071 iratris
1745 3016 1832 3071 nostri
1856 3028 1905 3083 pa-

1114 3114 1241 3170 triarcba
1263 3110 1558 3183 Constantinopolitani
1575 3109 1610 3166 ad
1624 3116 1748 3181 nostram
1771 3105 1906 3161 noveritis

1075 3178 1279 3263 Caudientiam
1305 3205 1464 3274 pervertisse
1489 3203 1563 3273 quod
1593 3200 1706 3272 quidem
1733 3209 1789 3255 tam
1811 3197 1905 3252 cleriei

1113 3316 1194 3372 quam
1213 3300 1276 3354 laici
1294 3299 1461 3367 inpartibus
1483 3286 1625 3352 Romania
1641 3293 1768 3365 quaedam
1782 3291 1905 3360 patriar·

1112 3390 1201 3446 clvalia
1214 3390 1377 3446 monasteria
1393 3398 1490 3444 contra
1503 3386 1639 3458 justitiam
1653 3385 1776 3440 detinent
1795 3383 1823 3437 in
1846 3378 1906 3446 ejus

1111 3491 1140 3538 et
1154 3481 1281 3537 Ecclesiae
1294 3496 1349 3536 suae
1360 3478 1546 3551 praejudicium
1559 3487 1586 3533 ct
1595 3491 1758 3548 gravamen.
1769 3472 1906 3542 eroeima

1112 3570 1269 3626 discretioni
1285 3579 1383 3625 vestrae
1397 3583 1445 3635 per
1459 3568 1609 3638 apostolica
1629 3566 1731 3636 scripta
1742 3565 1906 3619 nvandanms

1112 3671 1247 3732 quaetenus
1268 3669 1322 3714 tarn
1343 3659 1461 3715 clericos
1484 3674 1566 3730 qvtam
1596 3657 1681 3712 laicos
1698 3664 1864 3712 memoratos
1876 3663 1906 3708 ut

1111 3751 1275 3808 anonasteria
1288 3749 1481 3822 patriarchalia
1493 3789 1502 3816 ,
1519 3749 1648 3804 videlicet
1665 3763 1725 3819 quae
1739 3747 1773 3802 ad
1788 3747 1907 3816 patriar·

1437 3840 1471 3895 de
1493 3837 1555 3910 jure
1573 3832 1713 3910 spectant,
1736 3838 1826 3892 cidem
1843 3837 1905 3891 sine

1112 3934 1268 3990 difficultate
1281 3933 1402 4004 qualibet
1426 3933 1585 3996 restituant,
1600 3939 1630 3986 ut
1647 3937 1793 3993 tenentur,
1816 3928 1907 3981 trioni-

1114 4026 1187 4080 tione
1202 4023 1341 4096 praevatissa
1357 4037 1564 4094 percensuram
1581 4021 1796 4079 ecelesiasticam
1811 4019 1907 4089 appel·
1979 4015 1982 4017 ’

1111 4116 1213 4172 latiorve
1237 4117 1388 4186 postposita
1410 4113 1594 4185 compellatis.
1624 4113 1720 4169 Testes
1745 4120 1836 4167 antem
1858 4112 1905 4179 pai

1113 4206 1216 4262 luerint
1231 4205 1374 4269 nontinati,
1388 4215 1442 4261 ete.
1454 4205 1569 4274 Quodsi
1583 4222 1635 4260 non
1650 4219 1757 4270 omnes,
1768 4214 1834 4271 etc..
1850 4205 1905 4258 duo

1113 4306 1235 4354 vestrum
1249 4313 1282 4353 ea
1296 4297 1473 4353 nihilominus
1495 4308 1690 4368 exsequantur.

1148 4388 1390 4455 batumLaterani,
1405 4405 1433 4445 rx
1444 4389 1558 4447 Kalend.
1573 4391 1744 4458 Decembris,
1760 4391 1906 4463 pontifica-

1075 4519 1098 4574 ὓ
1112 4491 1157 4573 tas
1170 4482 1256 4537 nostri
1267 4496 1340 4536 anuo
1353 4480 1523 4538 duodecimo.

1389 4587 1392 4590 ’
1453 4572 1565 4630 cxcvi.

1114 4681 1318 4724 tucnrertscoro
1333 4682 1369 4722 tsr
1382 4681 1485 4722 aeetae
1499 4683 1534 4723 ar
1548 4683 1575 4722 r.
1592 4683 1627 4722 ns
1645 4683 1759 4726 taceare
1772 4683 1905 4725 canoavco

1445 4771 1568 4814 marusa.

1236 4850 1413 4928 Eatecatorra
1429 4852 1634 4923 superquartam
1647 4850 1778 4907 Ecclesia.

1265 4944 1417 5015 (Laterani,
1433 4960 1464 4999 ru
1483 4943 1546 5000 Kal.
1565 4943 1746 5018 Decembris.)

305 5037 458 5109 Reqrrisivit
473 5057 488 5097 a
506 5043 584 5098 nobis
610 5053 653 5098 tua
674 5043 831 5100 iratevuitas
852 5061 887 5101 an
909 5046 1059 5102 verterabili
1146 5055 1214 5111 Cum
1227 5056 1319 5112 dilecti
1339 5057 1388 5112 lilii
1416 5058 1547 5130 nvagister
1566 5059 1601 5116 l).
1628 5068 1656 5116 et
1678 5059 1712 5116 ll.
1741 5028 1906 5131 procurator

272 5125 349 5183 iratri
361 5141 453 5187 nostro
465 5131 620 5189 Patraccnsi
635 5135 837 5206 archiepiscopo
850 5138 884 5192 sit
894 5155 909 5192 a
921 5137 1062 5212 nobispri·
1111 5146 1145 5203 G.
1161 5151 1308 5221 presbyteri
1331 5150 1366 5205 ad
1385 5151 1478 5208 seriem
1508 5152 1688 5222 apostolicam
1713 5156 1904 5222 accessissent,

270 5223 398 5294 vilegium
416 5227 599 5297 excnvptlonis
624 5227 769 5284 indultum.
794 5231 946 5302 Superque
962 5232 1061 5287 lratcr·
1112 5238 1238 5294 dilectum
1259 5240 1344 5294 lilium
1362 5250 1485 5296 nostrum
1505 5242 1658 5298 Gnidonem
1678 5243 1774 5300 Sancti
1801 5244 1905 5302 bieolai

270 5315 349 5372 nitati
364 5328 415 5372 tuae
430 5319 612 5376 insinvmtione
632 5323 806 5390 praesentium
829 5323 983 5379 innotescat
1010 5339 1060 5381 nos
1108 5327 1260 5386 incarcere
1278 5331 1403 5387 truttam
1415 5333 1558 5390 diaconum
1572 5335 1740 5391 cardinalem
1754 5337 1822 5406 ipsis
1834 5353 1905 5394 con·

270 5409 358 5506 dalem
384 5411 588 5482 archiepiscopo
615 5411 719 5468 nullum
744 5415 924 5484 exemptionis
950 5418 1061 5487 privile·
1111 5422 1242 5478 cessimus
1253 5424 1416 5487 auditorem.
1428 5423 1525 5481 Curata
1548 5441 1603 5497 quo
1618 5427 1748 5498 rnapister
1760 5429 1905 5500 proposuit

270 5509 344 5565 grum
365 5501 542 5554 concessisse.
570 5502 628 5570 lpse
642 5510 732 5559 tamen
760 5516 919 5562 constanter
942 5509 1061 5564 asseruit
1112 5522 1278 5568 memoratas
1292 5515 1364 5583 quod
1379 5529 1441 5570 cnm
1455 5516 1520 5570 olim
1539 5517 1567 5572 in
1593 5517 1680 5574 lornta
1700 5522 1838 5576 communi
1853 5533 1903 5590 pro

270 5599 361 5652 eoram
383 5591 459 5646 nobis
485 5591 677 5650 patracensem
703 5597 936 5671 arehiepiscopum
963 5601 1061 5660 iinme-
1111 5618 1144 5658 eo
1161 5603 1388 5660 bonaenremorim
1410 5605 1748 5680 Srresslonensicpiseopo‚
1764 5611 1811 5681 qui
1825 5627 1904 5666 ervia·

270 5677 344 5734 tliate
356 5681 389 5735 ad
404 5682 495 5736 sedem
511 5684 687 5753 apostolicam
700 5689 844 5759 pertinere.

305 5769 402 5855 Datum
414 5771 552 5845 Laterani,
568 5787 633 5846 cte,
646 5793 673 5837 at
685 5784 712 5838 ia
726 5783 823 5852 primo.

1111 5696 1172 5750 tlcm
1191 5694 1330 5750 ordinarat
1346 5697 1374 5750 iu
1385 5697 1604 5769 subdiaconum,
1632 5702 1851 5773 scripsissemus,
1875 5714 1904 5762 et

1111 5786 1286 5858 postmodum
1310 5787 1383 5846 dicto
1407 5791 1536 5861 episcopo
1549 5795 1649 5850 nostris
1666 5797 1777 5853 uolente
1794 5799 1902 5854 obtem·
