4109 6325
156 358 162 371 s
229 332 281 387 bib

664 316 860 376 tsn'ocesttt
881 314 914 371 tit
933 313 985 369 Pl'.
1006 306 1242 367 necessatium
1261 304 1325 361 ΗΒ.
1347 301 1405 361 tt.
1800 305 1853 364 pap

228 456 303 511 narni,
324 442 350 497 in
373 440 431 510 ejas
451 438 589 493 lesionem
608 449 660 489 non
677 432 794 488 debeant
811 432 974 495 redundare,
987 437 1015 484 et
1029 432 1053 491 Α
1065 422 1209 495 scripturis
1228 430 1254 477 et
1265 421 1305 475 *in
1334 415 1476 488 seripturis
1488 416 1656 481 babentem;
1674 417 1853 475 nibilominus

229 549 280 603 per
307 528 444 603 privilegia
470 526 628 598 pontificum
651 522 834 579 Romanorum
859 522 932 586 adili,
960 535 1012 577 non
1065 516 1211 587 allegantes
1223 512 1294 587 qnod
1317 511 1367 567 etsi
1380 508 1504 582 quiedam
1517 508 1710 566 conventuales
1729 510 1854 569 ecclesias

229 622 364 688 snbtralri,
389 618 559 675 consueverit
575 616 629 671 illis
642 616 740 685 qrrilnrs
753 612 908 684 specialiter
924 612 1013 669 indui-
1067 617 1129 663 trine
1143 614 1281 670 vacarent,
1301 614 1347 659 nrrt
1363 605 1454 659 iorssn
1480 614 1591 675 propter
1615 604 1772 673 pauperiem
1797 621 1853 662 non

230 701 338 785 pentus,
370 719 483 779 propter
508 708 664 775 piraticum
683 704 799 760 trraxime
821 705 963 768 rationem,
986 713 1014 759 nt
1065 700 1197 755 baberent
1224 694 1367 753 numerum
1390 694 1562 759 clericorum,
1581 693 1669 762 ipsum
1691 693 1853 763 capitulam,

230 804 282 857 illis
294 802 461 857 obsisterent
481 798 631 869 prudenter
650 797 695 865 nni
711 795 816 851 liernini
828 796 1013 850 sanctuarium
1064 804 1111 847 ant
1123 793 1204 848 etiarn
1219 807 1289 847 unns
1299 792 1343 861 qrri
1354 790 1439 846 vicent
1455 788 1566 859 capituli
1592 788 1735 855 retineret,
1749 790 1783 843 ad
1798 791 1854 846 ele·

230 893 377 947 moliuntur
390 891 416 944 in
427 890 473 959 jus
488 889 688 945 bereditarium
702 902 844 957 usurpare.
1065 884 1183 940 ctionem
1199 898 1247 954 pro
1262 883 1374 954 praelato
1398 881 1512 936 deberet
1534 880 1654 942 aalnritti,
1667 896 1729 935 citra
1745 880 1774 935 in
1795 880 1853 936 tali·
1900 924 1904 930 .

265 984 341 1042 Unde
359 984 438 1039 iidem
455 982 559 1037 excitati
575 998 627 1035 nrrn
647 988 772 1049 poterant
794 993 844 1033 nec
862 979 1012 1042 debebant,
1064 978 1116 1033 bns
1136 960 1208 1046 sepe
1236 976 1382 1048 capitulum
1411 973 1499 1028 vicem
1528 973 1701 1027 cutrsneverit
1728 968 1854 1045 supplere

228 1092 259 1131 ca
275 1076 357 1131 etiarn
370 1075 472 1130 ratiorre
486 1074 557 1143 osred
582 1079 684 1140 septem
707 1070 931 1138 raorarineseptem
947 1084 1014 1140 pras·
1065 1069 1182 1141 prelati,
1208 1076 1236 1123 ct
1262 1053 1361 1123 trorncn
1385 1080 1418 1120 ae
1437 1063 1483 1132 ins
1510 1064 1698 1119 universitatis
1716 1066 1855 1123 ntuitotics

228 1166 375 1232 positorum
388 1175 415 1219 ct
428 1164 480 1217 dim
493 1164 552 1219 viee
569 1175 601 1217 ac
617 1159 726 1215 trorrrine
738 1160 830 1229 viginti
847 1163 928 1215 trinos
946 1175 1015 1229 prar-
1064 1158 1225 1215 devolvatur
1240 1156 1273 1211 ad
1285 1170 1368 1210 urrrrm
1378 1164 1406 1212 et
1416 1153 1603 1209 retineatnrin
1619 1166 1684 1209 arro.

229 1257 343 1311 latorum
357 1270 405 1324 pro
423 1254 478 1321 ipsa
493 1250 669 1307 universitate
682 1250 783 1303 ltrcrint
799 1265 813 1303 a
827 1251 965 1305 carrnnicis
980 1250 1014 1306 ad
1101 1247 1222 1309 bennato
1245 1247 1421 1303 nibilominus
1443 1243 1503 1301 tolo
1521 1244 1708 1314 argrtebantnr
1721 1242 1853 1301 electores

229 1354 373 1401 tnrctaturn
399 1345 538 1401 electionis
563 1340 683 1397 admissi.
699 1340 732 1395 Et
752 1338 792 1395 sic
806 1356 866 1395 crnn
879 1340 906 1395 in
922 1351 1014 1411 postn-
1064 1341 1171 1411 plebani
1189 1354 1222 1397 eo
1232 1341 1304 1410 nrtod
1318 1338 1453 1395 bominem
1465 1337 1697 1409 cleperarrtqnem
1712 1335 1853 1393 electionis

228 1436 311 1489 latrnn
326 1447 386 1491 rota
404 1446 506 1505 septem
528 1439 733 1505 prepositorum
746 1440 774 1488 et
787 1434 878 1490 decem
904 1443 930 1488 et
952 1441 1014 1491 octo
1067 1442 1186 1505 tempore
1196 1432 1343 1488 crerlebant
1355 1432 1382 1486 in
1397 1430 1547 1485 minoribns
1563 1428 1705 1484 ordinibus
1717 1431 1852 1497 consitu-

228 1526 397 1597 praelaturam
410 1527 582 1597 praesentium
603 1534 630 1581 et
653 1524 768 1580 aliorum
790 1540 836 1581 set
851 1526 1013 1605 absentium,
1065 1532 1295 1591 tam,aaserentes
1306 1524 1378 1592 ntrod
1395 1524 1421 1577 in
1435 1522 1526 1593 rigillo
1541 1520 1694 1576 Natiuitatis
1705 1520 1851 1575 banaintra

228 1632 342 1684 ortorum
357 1626 548 1687 procuratores
561 1625 640 1671 crant
661 1615 688 1671 in
713 1615 824 1671 civitate
855 1626 1010 1685 praesentes,
1065 1618 1148 1672 altera
1165 1631 1228 1686 pars
1242 1614 1312 1686 apud
1336 1610 1601 1681 Constantinopolim
1625 1619 1799 1666 consenserat
1822 1613 1849 1665 in

227 1724 359 1763 corrmrtsn
379 1708 515 1763 rtrcdiante
542 1708 648 1763 illorum
672 1709 786 1763 dnorrnn
812 1708 1012 1774 concurrerint,
1064 1706 1219 1777 plebanum,
1235 1705 1323 1775 quise
1336 1702 1417 1773 panio
1439 1711 1505 1757 ante
1520 1699 1591 1770 apud
1608 1698 1734 1754 Venetiae
1748 1702 1849 1756 iecerat

227 1814 275 1869 pro
287 1808 363 1870 parte
374 1797 499 1853 snaultra
514 1800 595 1869 dupla
610 1800 740 1868 maim-cm
755 1816 898 1857 nurnernm
912 1800 1012 1869 allega·
1030 1766 1092 1853 Bin
1107 1796 1304 1853 subdiaconum
1314 1793 1469 1866 promereri
1481 1791 1567 1863 (tut).
1593 1790 1630 1845 ss
1646 1805 1701 1860 ntro
1714 1788 1851 1845 iulereba·

182 1882 184 1887 '
227 1888 309 1953 lrarrt;
326 1904 386 1967 curn
402 1889 428 1943 in
442 1889 586 1958 plebanum
599 1891 752 1961 quindecim
769 1902 872 1947 tanturn
885 1890 1011 1947 canonici
1064 1896 1109 1941 tur
1120 1887 1192 1957 onod
1217 1887 1239 1941 si
1262 1886 1314 1941 boc
1330 1894 1420 1939 aetum
1433 1883 1518 1939 inerit
1535 1898 1569 1936 ex
1588 1881 1725 1946 condicto,
1738 1894 1791 1935 non
1803 1894 1852 1951 po·

226 1987 252 2033 et
268 1992 338 2035 unus
365 1981 524 2050 prepositus
548 1997 563 2035 a
588 1982 720 2053 principio
731 1983 940 2047 consensissent,
960 1996 1012 2039 uec
1065 1987 1134 2033 terat
1145 1978 1294 2034 ambitione
1317 1992 1422 2035 carcre.
1435 1974 1464 2030 Si
1482 1990 1547 2031 vero
1566 1974 1779 2043 praeordinatum
1799 1988 1851 2029 non

226 2068 326 2140 aliquid
340 2070 364 2125 ei
387 2071 457 2141 juris
477 2072 627 2127 accreverit
648 2073 675 2129 in
699 2074 751 2129 lroc
774 2088 837 2129 casn
851 2088 900 2143 per
919 2073 1014 2129 subsc·
1063 2064 1179 2135 exstitit,
1206 2084 1268 2124 cuns
1291 2079 1402 2139 propter
1425 2069 1547 2123 locorum
1569 2066 1729 2121 distantiam
1757 2064 1852 2120 boctd

225 2167 352 2227 qrrerrtem
371 2173 533 2213 consensum
560 2174 656 2215 rnorem
672 2163 877 2225 carronicorum,
893 2163 938 2231 qni
958 2161 1012 2217 ele·
1063 2159 1193 2229 eligentes
1209 2168 1264 2213 tam
1275 2160 1350 2215 brevi
1367 2168 1490 2227 tempore
1514 2157 1669 2226 neqniverit
1681 2156 1850 2225 pervenisse,

224 2249 323 2309 cilenis
349 2261 468 2321 ternpore
489 2266 542 2307 nou
567 2250 642 2308 incre
669 2264 827 2323 presentes,
852 2268 902 2309 nce
920 2253 1012 2309 uocari
1062 2250 1267 2319 senuitnronod
1281 2250 1430 2305 secturdnm
1444 2248 1626 2304 conscientias
1639 2246 1851 2316 suasinelipibi-

224 2338 360 2411 potuerint
382 2343 524 2397 corrrmode
540 2358 589 2399 nce
608 2344 929 2437 cleircrerrt;7prraescrtim
950 2360 1011 2401 curn
1063 2339 1114 2393 lem
1126 2338 1274 2409 eligebaut3
1291 2339 1333 2393 vel
1344 2339 1366 2393 si
1379 2352 1459 2393 error
1476 2338 1509 2391 ad
1520 2329 1725 2393 exeusationem
1738 2352 1851 2392 accttsa·

221 2442 335 2493 octoct
349 2430 400 2486 illis
416 2440 490 2487 tanto
514 2444 635 2503 ternpore
662 2434 775 2511 inissent
800 2435 927 2490 absentes
939 2436 1010 2505 qttod
1064 2431 1136 2485 tione
1152 2443 1205 2484 non
1219 2443 1333 2484 vacuam
1348 2429 1495 2499 allegetur,
1508 2428 1534 2482 iu
1550 2427 1751 2484 confessionem
1764 2428 1851 2493 vetili-

224 2523 370 2579 mortridum
397 2527 617 2581 constitutionem
651 2526 815 2596 patriarcba
841 2540 874 2581 ac
901 2526 1010 2597 capituli
1061 2519 1151 2593 gentis
1168 2522 1268 2585 reniet,
1283 2535 1344 2592 quas
1369 2536 1450 2603 snper
1471 2522 1505 2577 iis
1531 2537 1585 2578 non
1612 2521 1725 2577 multum
1740 2524 1849 2578 slistata

224 2614 583 2685 Carrastantinopeliranorum
616 2630 665 2684 pro
693 2616 831 2670 carronicis
858 2616 1011 2673 nullatenus
1061 2612 1507 2684 culpa.Adjicicbantetiarnqnod
1528 2614 1851 2685 magiseratestraordi·

225 2704 399 2761 haberentur.
424 2704 617 2761 Auctoritatem
640 2707 722 2761 ctiam
736 2707 945 2763 introducebant
962 2724 1010 2778 pro
1062 2706 1169 2761 uarium
1193 2705 1387 2762 sorssentirein
1403 2706 1553 2771 bominem,
1581 2720 1635 2760 non
1660 2706 1750 2761 solnm
1773 2715 1850 2761 extra

224 2809 265 2858 se,
289 2810 350 2850 cnm
378 2795 540 2865 regulariter
565 2796 676 2861 majoris
691 2799 861 2853 auctoritatis
883 2800 1010 2870 praelatas
1063 2805 1146 2851 totum
1161 2795 1389 2866 patriarcbatnm,
1403 2810 1497 2851 rernm
1508 2795 1589 2850 etiarn
1604 2806 1682 2851 extra
1700 2804 1785 2851 totum
1798 2798 1849 2851 ina·

135 2901 138 2911 ’
223 2898 305 2957 urtam
334 2886 449 2956 simplex
473 2886 624 2943 canonieus
649 2888 791 2943 habeatnr.
819 2889 921 2944 bonnm
945 2905 1010 2947 vera
1061 2887 1616 2958 periumeuostitutumqnaminvicinum
1636 2897 1665 2943 et
1684 2885 1847 2943 larrriliarem

223 2976 312 3031 telum
329 2991 361 3030 ea
382 2977 487 3031 rationo
499 2978 652 3047 probabant
667 2980 737 3047 qrrod
764 2978 956 3051 Verrctnmpro
970 2982 1008 3035 ri·
1061 2978 1260 3049 suffraganeum
1285 2977 1406 3048 eiusdem
1431 2976 1558 3032 Ecclesia
1578 2976 1612 3032 dc
1633 2976 1711 3043 cuius
1732 2990 1850 3047 pastoris

225 3067 308 3123 tando
323 3068 450 3123 scandalo
466 3068 544 3138 lunga
570 3070 773 3125 conversatione
788 3080 891 3135 tratum,
918 3068 1194 3153 laudmceleetione
1217 3076 1360 3122 tractatur.
1387 3066 1534 3123 Personam
1553 3083 1662 3138 utroque
1685 3068 1792 3139 plebani
1815 3067 1849 3123 ds

223 3158 269 3214 bili
284 3160 520 3216 adrnlnistratione
536 3160 690 3230 probamin,
712 3163 826 3217 cbarnm
840 3164 957 3230 clericis,
983 3173 1011 3219 et
1063 3160 1214 3216 relreruenti
1228 3158 1377 3215 ambitione
1396 3160 1536 3226 notabant,
1555 3161 1677 3217 dicentes
1699 3161 1770 3231 qrrod
1791 3160 1849 3230 ipse

223 3259 365 3319 acceptum
403 3249 481 3306 laicis
510 3251 698 3319 postularant;
725 3253 751 3308 in
778 3268 859 3323 quem
884 3269 1010 3310 asserrsns
1061 3251 1226 3320 perlitteras
1241 3266 1305 3306 siras
1320 3251 1452 3317 circadam
1475 3251 1791 3324 constantinopolitanos
1803 3269 1850 3308 ra·

222 3341 364 3412 principis,
375 3339 605 3414 suffraganeorum
614 3353 687 3408 sota,
700 3343 838 3414 plebisque
847 3345 1009 3400 desiderium
1061 3341 1173 3396 nnnicos
1184 3355 1314 3412 expresse
1325 3350 1468 3413 rogaverat
1477 3351 1508 3397 nt
1518 3358 1580 3399 eum
1590 3344 1616 3398 in
1627 3359 1706 3400 snum
1716 3344 1849 3415 eligerent

222 3433 442 3498 concinnebant:
470 3448 520 3490 nce
538 3433 672 3490 debebant
695 3433 797 3504 sliqtrid
819 3436 958 3490 sinistrum
976 3437 1010 3491 de
1061 3431 1244 3500 patriarcham
1261 3451 1269 3488 r
1288 3435 1360 3502 qrrod
1387 3434 1592 3504 parsadvcrsa
1618 3435 1744 3505 negabat.
1772 3433 1849 3490 Unde

223 3523 270 3578 illu
296 3537 461 3593 presumere
482 3539 563 3595 quem
591 3535 618 3582 et
638 3525 799 3582 excellentia
823 3527 962 3598 dignitatis
982 3539 1011 3584 et
1061 3525 1189 3589 petebant
1213 3525 1395 3595 postulatores
1418 3525 1617 3596 arenteptscopt
1642 3525 1791 3596 sepedicti,
1819 3533 1849 3578 il

222 3614 375 3670 eomtnnnis
384 3614 511 3670 reddebat
520 3614 590 3670 lama
601 3616 764 3686 preclarum.
777 3615 919 3673 Nceetiam
930 3626 1010 3674 erant
1061 3625 1123 3666 ωτι·
1136 3623 1208 3670 esset
1219 3629 1283 3684 pata
1293 3614 1377 3669 altera
1391 3614 1462 3679 ⁸0¹⁰.
1473 3616 1648 3681 auctoritate,
1678 3631 1711 3672 ac
1734 3629 1848 3670 numero

222 3701 370 3758 adrersnrii
387 3704 512 3758 audiendi
536 3705 582 3774 otri
604 3706 782 3774 promotionis
806 3707 864 3776 ejus
888 3714 1010 3778 tenrpore
1061 3702 1161 3770 ndum,
1188 3715 1295 3762 tetsato
1318 3704 1391 3775 qttad
1410 3703 1515 3760 lactum
1542 3703 1633 3760 luerat
1663 3705 1699 3760 de
1721 3705 1847 3775 plebano,

165 3844 170 3850 .
223 3801 377 3858 tacncrnnt,
391 3795 442 3849 nisi
455 3792 527 3849 iurte
538 3794 640 3866 aliquid
652 3811 752 3852 novum
765 3810 946 3868 proponerent
967 3801 1008 3858 rel
1060 3801 1269 3870 postulationem
1291 3799 1413 3868 ipsorum
1429 3797 1574 3852 admittere
1594 3797 1779 3868 dignaremur.
1797 3793 1847 3850 tie·

222 3887 292 3953 urrud
301 3885 468 3956 postmodum
484 3886 657 3952 didicissent;
670 3889 787 3944 masinae
799 3905 860 3944 curn
873 3891 1007 3959 objectam
1060 3910 1121 3952 rum
1134 3891 1196 3963 utria
1215 3895 1248 3950 de
1264 3893 1300 3948 iis
1313 3909 1374 3964 qne
1395 3908 1446 3964 per
1456 3892 1621 3948 assertiones
1632 3892 1750 3960 partium
1763 3892 1791 3946 in
1802 3891 1846 3963 in-

223 3987 315 4029 natam
341 3975 554 4040 irreonnnenria,
574 3977 596 4030 si
617 3992 669 4046 qua
692 3979 804 4034 iorsitan
828 3981 1010 4050 praecessisset
1059 3987 1160 4041 dicium
1173 3985 1287 4041 deducta
1296 3985 1406 4039 inertrnt
1421 3983 1499 4042 nobis
1513 3999 1566 4038 nort
1581 3984 1671 4052 potuit
1686 3980 1744 4038 tint
1766 3982 1847 4051 plena

223 4063 250 4118 in
267 4065 336 4133 ipso,
356 4066 428 4134 qrtod
451 4074 540 4121 tamen
567 4065 760 4123 iniciabantur
774 4072 897 4134 omnino,
915 4073 1009 4128 subse·
1060 4079 1136 4141 dales.
1149 4077 1274 4147 quamvis
1286 4089 1368 4146 super
1382 4075 1416 4130 iis
1433 4089 1495 4146 quae
1510 4075 1545 4130 de
1570 4087 1683 4129 nutriero
1700 4073 1847 4128 dictasunt

222 4171 308 4226 orieris
332 4157 420 4228 longe
453 4159 668 4215 conversationis
693 4161 837 4218 delevisset
870 4165 1006 4221 trorrestas.
1059 4169 1249 4240 postulantium
1260 4182 1308 4239 per
1319 4167 1455 4239 quoddam
1472 4165 1610 4236 publicum
1634 4165 1846 4220 instrumentum

226 4246 428 4317 Proposuernnt
439 4249 519 4303 etiam
534 4249 606 4318 qrrod
632 4251 682 4305 nisi
699 4266 761 4321 pars
776 4252 861 4307 altera
875 4267 904 4308 sc
916 4253 951 4307 ab
964 4254 1007 4310 in·
1058 4272 1086 4316 et
1096 4261 1200 4316 litteras
1213 4256 1505 4328 Certstaatinopolitani
1522 4255 1616 4312 vicarii
1626 4295 1636 4318 ,
1648 4270 1700 4310 nce
1712 4270 1767 4310 non
1782 4269 1845 4308 core

218 4340 302 4408 iuriis
328 4347 500 4410 temperaret,
515 4341 689 4397 intendebant
714 4345 837 4412 orandam
857 4361 1007 4415 proponere
1060 4350 1203 4405 sessionem
1228 4351 1411 4419 procuratoris
1433 4349 1522 4418 partis
1546 4347 1676 4411 adversae,
1693 4346 1721 4400 in
1741 4344 1845 4413 judicio

227 4439 278 4486 mut
294 4429 319 4483 in
334 4445 463 4499 personas
473 4432 627 4502 eligentium
640 4448 720 4502 qrram
741 4433 829 4488 electi.
842 4437 881 4488 ild
893 4449 1007 4490 excursa·
1023 4429 1165 4512 liquidem
1180 4441 1290 4511 laetam,
1304 4442 1351 4497 sed
1365 4451 1461 4511 postea
1480 4449 1648 4502 revocabam,
1672 4453 1736 4510 pars
1758 4437 1843 4493 altera

226 4525 323 4581 ionem
337 4539 400 4580 vcro
410 4525 529 4596 tirtsdcm
546 4527 740 4596 archiepiscopi
763 4541 845 4595 snper
857 4527 1008 4598 objectione
1059 4549 1135 4588 suam
1149 4533 1325 4587 intentionem
1339 4540 1474 4590 assereret
1492 4545 1552 4586 esse
1571 4529 1722 4594 lrrndatarn,
1736 4543 1843 4584 causam

223 4615 338 4669 tnrbitus
350 4616 535 4686 preponebant
557 4615 630 4685 qrrod
647 4616 717 4669 idern
734 4619 892 4672 calvensem
906 4626 932 4672 et
947 4635 1008 4688 pro·

222 4700 315 4776 babiti,
329 4719 411 4758 causa
433 4703 694 4774 Currstantiuopulitn
715 4715 836 4774 venerat,
852 4715 880 4762 ei
893 4709 1008 4764 babebat

221 4805 334 4849 necesse
348 4793 502 4864 frequenter
520 4796 662 4862 accedere,
690 4805 745 4850 tam
764 4807 873 4868 propter
901 4799 1006 4868 negotia

221 4886 409 4956 patriarchalis
422 4887 568 4952 Ecclesiae,
588 4899 643 4944 tum
666 4890 747 4944 etiam
769 4899 880 4960 propter
894 4903 1008 4944 etsecn·

221 4975 323 5034 tionem
337 4977 438 5034 ultimas
460 4978 608 5034 voluntatis
633 4981 794 5050 patriarcba
816 4979 935 5036 defuncti
951 4995 1007 5036 sum

222 5067 377 5123 discretioni
393 5070 560 5135 commissae;
572 5071 618 5138 otri
634 5070 697 5124 iicet
710 5069 866 5124 interfuerit
885 5071 1006 5140 vesperis

221 5169 249 5215 et
259 5160 396 5215 matutinis
408 5159 434 5214 in
446 5162 621 5230 patriarclrali
632 5161 751 5217 Ecclesia
761 5162 795 5216 ab
807 5160 1005 5218 solemnitatem

221 5251 286 5314 diei,
299 5250 325 5305 in
345 5251 405 5306 loco
420 5259 510 5306 tarrren
532 5253 627 5308 decani
650 5253 765 5318 resciit,
790 5268 841 5308 nce
860 5251 961 5326 aliquid
974 5253 1006 5305 de

220 5340 447 5410 patriarchalibus
462 5345 609 5413 usurparit.
628 5345 718 5415 ipsum
738 5347 822 5400 etiam
846 5345 1004 5405 litteratum.

219 5434 271 5488 etsi
295 5450 348 5491 nun
369 5435 531 5500 eminenter,
554 5446 737 5506 competenter
753 5446 842 5494 tanuen
857 5450 917 5492 esse
931 5434 1005 5490 dice·

218 5523 296 5591 bant,
309 5525 484 5582 pellicientem
508 5526 709 5598 intelligentiam
733 5537 761 5584 et
778 5527 959 5599 elequentiam
971 5527 1005 5584 dc

254 5689 328 5768 tros)
342 5697 465 5758 vicetia
480 5717 509 5768 ι,
523 5702 600 5768 epis.
618 5702 678 5757 rat.

1059 4623 1145 4694 ipsam
1167 4624 1325 4680 discretioni
1341 4633 1392 4678 tuat
1405 4623 1533 4680 duximus
1551 4620 1787 4682 committendam,
1797 4633 1844 4686 per

1060 4715 1207 4783 apostolica
1231 4716 1333 4782 scripta
1349 4714 1510 4770 mandantes
1524 4723 1658 4781 aeramnae
1677 4723 1758 4779 snper
1772 4708 1806 4763 iis
1818 4717 1844 4762 et

1058 4804 1119 4858 aliis
1134 4804 1265 4873 inquiras,
1288 4804 1395 4859 subiato
1423 4801 1568 4873 ctrjuslibct
1591 4798 1781 4871 appellationis
1797 4795 1843 4849 nb·

1059 4892 1173 4958 stacrrlo,
1192 4892 1400 4962 diligentissime
1419 4895 1563 4947 veritatem
1582 4891 1616 4946 de
1643 4887 1750 4944 riseritis
1763 4884 1842 4941 electi

1058 4992 1085 5039 et
1098 4982 1223 5054 postulati
1238 4984 1309 5053 apud
1323 4984 1460 5048 venetias,
1475 4983 1522 5037 nbi
1537 4982 1595 5037 nati
1620 4981 1730 5036 luserunt
1742 4985 1770 5032 et
1785 4976 1845 5031 din·

1059 5073 1112 5127 tius
1124 5071 1285 5138 conversati,
1293 5073 1327 5129 de
1336 5073 1434 5128 studiis
1447 5081 1536 5127 autern
1547 5069 1703 5140 eligentium
1712 5077 1738 5124 et
1749 5075 1842 5137 postu·

1057 5162 1171 5218 lantiunt
1197 5172 1226 5218 et
1251 5163 1377 5218 erunibus
1390 5161 1553 5233 perimaliter
1573 5174 1635 5230 qna
1658 5173 1769 5214 causam
1784 5171 1847 5227 pos-

1057 5253 1113 5310 sint
1125 5255 1259 5311 isstmere
1269 5253 1339 5324 apud
1351 5253 1627 5323 Corrstantioopulim,
1635 5249 1680 5307 ubi
1692 5246 1844 5318 buinsnrodi

1056 5347 1204 5419 postulatio
1229 5356 1257 5405 et
1281 5347 1380 5404 electio
1407 5347 1552 5404 celebrate
1566 5345 1694 5411 luerunt;
1707 5352 1735 5398 et
1749 5343 1772 5397 si
1782 5356 1845 5424 par·

1057 5440 1302 5504 tesconaenserint,
1319 5441 1454 5511 procedas
1474 5438 1528 5496 boc
1545 5437 1684 5503 ruadmunt
1703 5434 1726 5491 si
1741 5431 1845 5493 consti·

1056 5532 1120 5588 terit
1139 5533 1174 5590 dc
1194 5541 1290 5590 tantun
1313 5531 1474 5590 convenisse
1497 5527 1716 5601 consensuqnod
1729 5527 1772 5608 ad·
1790 5521 1845 5612 els-
