<?xml version="1.0" encoding="UTF-8"?>
<!DOCTYPE html PUBLIC "-//W3C//DTD XHTML 1.0 Transitional//EN"
    "http://www.w3.org/TR/xhtml1/DTD/xhtml1-transitional.dtd">
<html xmlns="http://www.w3.org/1999/xhtml" xml:lang="en" lang="en">
 <head>
  <title>
</title>
<meta http-equiv="Content-Type" content="text/html;charset=utf-8" />
  <meta name='ocr-system' content='tesseract 3.04.00' />
  <meta name='ocr-capabilities' content='ocr_page ocr_carea ocr_par ocr_line ocrx_word'/>
</head>
<body>
  <div class='ocr_page' id='page_1' title='image "./patrologiaecurs00berngoog_0475.png"; bbox 0 0 4109 6325; ppageno 0'>
   <div class='ocr_carea' id='block_1_1' title="bbox 165 330 1796 403">
    <p class='ocr_par' dir='ltr' id='par_1_1' title="bbox 165 330 1796 403">
     <span class='ocr_line' id='line_1_1' title="bbox 165 330 1796 403; baseline -0.006 -5"><span class='ocrx_word' id='word_1_1' title='bbox 165 340 219 399; x_wconf 64' lang='lat'><strong>933</strong></span> <span class='ocrx_word' id='word_1_2' title='bbox 625 334 876 396; x_wconf 76' lang='lat' dir='ltr'><strong>rttrlrtrtcs‘ttts</strong></span> <span class='ocrx_word' id='word_1_3' title='bbox 893 334 987 393; x_wconf 74' lang='lat' dir='ltr'><strong>ANNO</strong></span> <span class='ocrx_word' id='word_1_4' title='bbox 1006 336 1076 403; x_wconf 78' lang='lat' dir='ltr'><strong>xit,</strong></span> <span class='ocrx_word' id='word_1_5' title='bbox 1096 334 1232 393; x_wconf 78' lang='lat' dir='ltr'><strong>cltnlslt</strong></span> <span class='ocrx_word' id='word_1_6' title='bbox 1252 334 1329 392; x_wconf 72' lang='lat' dir='ltr'><strong>tete.</strong></span> <span class='ocrx_word' id='word_1_7' title='bbox 1743 330 1796 389; x_wconf 65' lang='grc' dir='ltr'><strong>9ἷὶ</strong></span> 
     </span>
    </p>
   </div>
   <div class='ocr_carea' id='block_1_2' title="bbox 122 442 1795 2631">
    <p class='ocr_par' dir='ltr' id='par_1_2' title="bbox 122 442 1795 1990">
     <span class='ocr_line' id='line_1_2' title="bbox 165 442 1794 522; baseline -0.004 -15"><span class='ocrx_word' id='word_1_8' title='bbox 165 458 293 522; x_wconf 86' lang='lat' dir='ltr'><strong>quartotn</strong></span> <span class='ocrx_word' id='word_1_9' title='bbox 323 447 506 506; x_wconf 75' lang='lat' dir='ltr'>direxerimus</span> <span class='ocrx_word' id='word_1_10' title='bbox 533 447 636 519; x_wconf 90' lang='lat' dir='ltr'><strong>scripta</strong></span> <span class='ocrx_word' id='word_1_11' title='bbox 657 460 772 516; x_wconf 89' lang='lat' dir='ltr'><strong>nostra,</strong></span> <span class='ocrx_word' id='word_1_12' title='bbox 799 460 830 507; x_wconf 90' lang='lat' dir='ltr'><strong>ot</strong></span> <span class='ocrx_word' id='word_1_13' title='bbox 854 451 953 517; x_wconf 86' lang='lat' dir='ltr'><strong>eidem,</strong></span> <span class='ocrx_word' id='word_1_14' title='bbox 969 453 993 509; x_wconf 78' lang='lat' dir='ltr'>A</span> <span class='ocrx_word' id='word_1_15' title='bbox 1008 447 1093 503; x_wconf 84' lang='lat' dir='ltr'><strong>lacius</strong></span> <span class='ocrx_word' id='word_1_16' title='bbox 1104 447 1252 505; x_wconf 90' lang='lat' dir='ltr'><strong>secuudum</strong></span> <span class='ocrx_word' id='word_1_17' title='bbox 1270 444 1474 519; x_wconf 74' lang='lat' dir='ltr'><strong>proportionem</strong></span> <span class='ocrx_word' id='word_1_18' title='bbox 1493 442 1644 501; x_wconf 89' lang='lat' dir='ltr'><strong>ablatorum</strong></span> <span class='ocrx_word' id='word_1_19' title='bbox 1662 444 1733 500; x_wconf 88' lang='lat' dir='ltr'><strong>iuter</strong></span> <span class='ocrx_word' id='word_1_20' title='bbox 1746 458 1794 501; x_wconf 90' lang='lat' dir='ltr'><strong>eos</strong></span> 
     </span>
     <span class='ocr_line' id='line_1_3' title="bbox 166 536 1795 612; baseline -0.002 -15"><span class='ocrx_word' id='word_1_21' title='bbox 166 556 250 612; x_wconf 87' lang='lat' dir='ltr'><strong>quem</strong></span> <span class='ocrx_word' id='word_1_22' title='bbox 271 540 373 599; x_wconf 87' lang='lat' dir='ltr'><strong>dudum</strong></span> <span class='ocrx_word' id='word_1_23' title='bbox 396 539 431 596; x_wconf 91' lang='lat' dir='ltr'><strong>ad</strong></span> <span class='ocrx_word' id='word_1_24' title='bbox 442 539 601 597; x_wconf 82' lang='lat' dir='ltr'><strong>orandatum</strong></span> <span class='ocrx_word' id='word_1_25' title='bbox 616 551 740 597; x_wconf 87' lang='lat' dir='ltr'><strong>nostrum</strong></span> <span class='ocrx_word' id='word_1_26' title='bbox 750 541 825 598; x_wconf 92' lang='lat' dir='ltr'><strong>nullo</strong></span> <span class='ocrx_word' id='word_1_27' title='bbox 843 542 895 599; x_wconf 91' lang='lat' dir='ltr'><strong>sibi</strong></span> <span class='ocrx_word' id='word_1_28' title='bbox 909 542 957 598; x_wconf 77' lang='lat' dir='ltr'><strong>be</strong></span> <span class='ocrx_word' id='word_1_29' title='bbox 1006 539 1107 610; x_wconf 90' lang='lat' dir='ltr'><strong>quibus</strong></span> <span class='ocrx_word' id='word_1_30' title='bbox 1120 548 1162 597; x_wconf 89' lang='lat' dir='ltr'><strong>est</strong></span> <span class='ocrx_word' id='word_1_31' title='bbox 1177 539 1312 598; x_wconf 72' lang='lat' dir='ltr'><strong>restitutio</strong></span> <span class='ocrx_word' id='word_1_32' title='bbox 1331 536 1464 594; x_wconf 88' lang='lat' dir='ltr'><strong>iacienda.</strong></span> <span class='ocrx_word' id='word_1_33' title='bbox 1479 538 1545 594; x_wconf 86' lang='lat' dir='ltr'><strong>Corn</strong></span> <span class='ocrx_word' id='word_1_34' title='bbox 1558 538 1641 608; x_wconf 88' lang='lat' dir='ltr'><strong>igitur</strong></span> <span class='ocrx_word' id='word_1_35' title='bbox 1655 538 1706 593; x_wconf 86' lang='lat' dir='ltr'><strong>lroo</strong></span> <span class='ocrx_word' id='word_1_36' title='bbox 1716 552 1795 593; x_wconf 88' lang='lat' dir='ltr'><strong>man·</strong></span> 
     </span>
     <span class='ocr_line' id='line_1_4' title="bbox 166 627 1794 705; baseline -0.004 -16"><span class='ocrx_word' id='word_1_37' title='bbox 166 632 265 689; x_wconf 81' lang='lat' dir='ltr'><strong>rredclo</strong></span> <span class='ocrx_word' id='word_1_38' title='bbox 278 630 417 701; x_wconf 85' lang='lat' dir='ltr'><strong>assignato</strong></span> <span class='ocrx_word' id='word_1_39' title='bbox 429 630 456 685; x_wconf 92' lang='lat' dir='ltr'><strong>in</strong></span> <span class='ocrx_word' id='word_1_40' title='bbox 467 630 580 686; x_wconf 81' lang='lat' dir='ltr'><strong>tratrem</strong></span> <span class='ocrx_word' id='word_1_41' title='bbox 594 632 791 688; x_wconf 87' lang='lat' dir='ltr'><strong>etcouonicum</strong></span> <span class='ocrx_word' id='word_1_42' title='bbox 804 632 955 703; x_wconf 87' lang='lat' dir='ltr'><strong>recepistis,</strong></span> <span class='ocrx_word' id='word_1_43' title='bbox 1008 632 1102 688; x_wconf 86' lang='lat' dir='ltr'><strong>datum</strong></span> <span class='ocrx_word' id='word_1_44' title='bbox 1116 634 1150 689; x_wconf 91' lang='lat' dir='ltr'><strong>dc</strong></span> <span class='ocrx_word' id='word_1_45' title='bbox 1163 641 1238 690; x_wconf 86' lang='lat' dir='ltr'><strong>certa</strong></span> <span class='ocrx_word' id='word_1_46' title='bbox 1250 633 1362 689; x_wconf 84' lang='lat' dir='ltr'><strong>scientia</strong></span> <span class='ocrx_word' id='word_1_47' title='bbox 1375 633 1519 697; x_wconf 78' lang='lat' dir='ltr'><strong>faciamus,</strong></span> <span class='ocrx_word' id='word_1_48' title='bbox 1542 630 1671 705; x_wconf 83' lang='lat' dir='ltr'><strong>volomus</strong></span> <span class='ocrx_word' id='word_1_49' title='bbox 1680 635 1707 683; x_wconf 89' lang='lat' dir='ltr'><strong>et</strong></span> <span class='ocrx_word' id='word_1_50' title='bbox 1715 627 1794 697; x_wconf 85' lang='lat' dir='ltr'><strong>jube·</strong></span> 
     </span>
     <span class='ocr_line' id='line_1_5' title="bbox 165 719 1794 793; baseline -0.003 -14"><span class='ocrx_word' id='word_1_51' title='bbox 165 722 311 787; x_wconf 74' lang='lat' dir='ltr'><strong>curarent,</strong></span> <span class='ocrx_word' id='word_1_52' title='bbox 326 721 397 777; x_wconf 83' lang='lat' dir='ltr'><strong>siem</strong></span> <span class='ocrx_word' id='word_1_53' title='bbox 407 719 455 775; x_wconf 92' lang='lat' dir='ltr'><strong>uui</strong></span> <span class='ocrx_word' id='word_1_54' title='bbox 469 734 504 776; x_wconf 82' lang='lat' dir='ltr'><strong>ex</strong></span> <span class='ocrx_word' id='word_1_55' title='bbox 517 720 612 786; x_wconf 85' lang='lat' dir='ltr'><strong>vobis,</strong></span> <span class='ocrx_word' id='word_1_56' title='bbox 625 731 680 778; x_wconf 88' lang='lat' dir='ltr'><strong>tam</strong></span> <span class='ocrx_word' id='word_1_57' title='bbox 693 720 721 777; x_wconf 93' lang='lat' dir='ltr'><strong>in</strong></span> <span class='ocrx_word' id='word_1_58' title='bbox 734 721 861 778; x_wconf 88' lang='lat' dir='ltr'><strong>domibus</strong></span> <span class='ocrx_word' id='word_1_59' title='bbox 873 736 956 793; x_wconf 91' lang='lat' dir='ltr'><strong>quam</strong></span> <span class='ocrx_word' id='word_1_60' title='bbox 1007 740 1067 781; x_wconf 89' lang='lat' dir='ltr'><strong>mus</strong></span> <span class='ocrx_word' id='word_1_61' title='bbox 1080 733 1111 781; x_wconf 94' lang='lat' dir='ltr'><strong>ut</strong></span> <span class='ocrx_word' id='word_1_62' title='bbox 1125 724 1191 781; x_wconf 93' lang='lat' dir='ltr'><strong>illud</strong></span> <span class='ocrx_word' id='word_1_63' title='bbox 1218 724 1326 781; x_wconf 77' lang='lat' dir='ltr'><strong>subiato</strong></span> <span class='ocrx_word' id='word_1_64' title='bbox 1347 724 1494 793; x_wconf 73' lang='lat' dir='ltr'><strong>curiuslibet</strong></span> <span class='ocrx_word' id='word_1_65' title='bbox 1517 720 1741 779; x_wconf 78' lang='lat' dir='ltr'><strong>contradictionis</strong></span> <span class='ocrx_word' id='word_1_66' title='bbox 1764 728 1794 775; x_wconf 92' lang='lat' dir='ltr'><strong>et</strong></span> 
     </span>
     <span class='ocr_line' id='line_1_6' title="bbox 166 812 1794 887; baseline -0.001 -16"><span class='ocrx_word' id='word_1_67' title='bbox 166 817 195 872; x_wconf 90' lang='lat' dir='ltr'><strong>in</strong></span> <span class='ocrx_word' id='word_1_68' title='bbox 215 814 279 871; x_wconf 83' lang='lat' dir='ltr'><strong>aliis</strong></span> <span class='ocrx_word' id='word_1_69' title='bbox 293 812 453 883; x_wconf 79' lang='lat' dir='ltr'><strong>prouidere,</strong></span> <span class='ocrx_word' id='word_1_70' title='bbox 475 826 510 869; x_wconf 86' lang='lat' dir='ltr'><strong>sc</strong></span> <span class='ocrx_word' id='word_1_71' title='bbox 530 814 703 883; x_wconf 88' lang='lat' dir='ltr'><strong>postmodum</strong></span> <span class='ocrx_word' id='word_1_72' title='bbox 727 813 892 884; x_wconf 89' lang='lat' dir='ltr'><strong>quibusdam</strong></span> <span class='ocrx_word' id='word_1_73' title='bbox 920 828 954 871; x_wconf 84' lang='lat' dir='ltr'><strong>ex</strong></span> <span class='ocrx_word' id='word_1_74' title='bbox 1005 817 1197 887; x_wconf 72' lang='lat' dir='ltr'><strong>appellationis</strong></span> <span class='ocrx_word' id='word_1_75' title='bbox 1222 816 1364 874; x_wconf 87' lang='lat' dir='ltr'><strong>obstaculo</strong></span> <span class='ocrx_word' id='word_1_76' title='bbox 1376 818 1548 886; x_wconf 81' lang='lat' dir='ltr'><strong>exsequaris,</strong></span> <span class='ocrx_word' id='word_1_77' title='bbox 1575 818 1627 873; x_wconf 88' lang='lat' dir='ltr'><strong>nisi</strong></span> <span class='ocrx_word' id='word_1_78' title='bbox 1640 816 1696 887; x_wconf 84' lang='lat' dir='ltr'><strong>jam</strong></span> <span class='ocrx_word' id='word_1_79' title='bbox 1714 813 1794 869; x_wconf 86' lang='lat' dir='ltr'><strong>aliter</strong></span> 
     </span>
     <span class='ocr_line' id='line_1_7' title="bbox 167 907 1793 978; baseline 0 -17"><span class='ocrx_word' id='word_1_80' title='bbox 167 907 266 965; x_wconf 86' lang='lat' dir='ltr'><strong>restris</strong></span> <span class='ocrx_word' id='word_1_81' title='bbox 287 907 316 962; x_wconf 89' lang='lat' dir='ltr'><strong>in</strong></span> <span class='ocrx_word' id='word_1_82' title='bbox 341 914 435 961; x_wconf 88' lang='lat' dir='ltr'><strong>nostra</strong></span> <span class='ocrx_word' id='word_1_83' title='bbox 464 907 612 975; x_wconf 83' lang='lat' dir='ltr'><strong>praesentia</strong></span> <span class='ocrx_word' id='word_1_84' title='bbox 638 907 798 965; x_wconf 84' lang='lat' dir='ltr'><strong>constitutis</strong></span> <span class='ocrx_word' id='word_1_85' title='bbox 820 908 872 964; x_wconf 94' lang='lat' dir='ltr'><strong>boc</strong></span> <span class='ocrx_word' id='word_1_86' title='bbox 883 907 954 965; x_wconf 86' lang='lat' dir='ltr'><strong>idern</strong></span> <span class='ocrx_word' id='word_1_87' title='bbox 1005 908 1240 966; x_wconf 89' lang='lat' dir='ltr'><strong>sitdccommuni</strong></span> <span class='ocrx_word' id='word_1_88' title='bbox 1262 907 1607 978; x_wconf 82' lang='lat' dir='ltr'><strong>uoluntateprorisumsel</strong></span> <span class='ocrx_word' id='word_1_89' title='bbox 1626 908 1793 963; x_wconf 86' lang='lat' dir='ltr'><strong>adhuccon-</strong></span> 
     </span>
     <span class='ocr_line' id='line_1_8' title="bbox 167 996 1793 1079; baseline -0.003 -24"><span class='ocrx_word' id='word_1_90' title='bbox 167 998 365 1079; x_wconf 71' lang='lat' dir='ltr'><strong>lulonrerimrgs</strong></span> <span class='ocrx_word' id='word_1_91' title='bbox 380 996 442 1053; x_wconf 85' lang='lat' dir='ltr'><strong>vira</strong></span> <span class='ocrx_word' id='word_1_92' title='bbox 462 1010 539 1063; x_wconf 89' lang='lat' dir='ltr'><strong>roce,</strong></span> <span class='ocrx_word' id='word_1_93' title='bbox 554 1012 623 1065; x_wconf 85' lang='lat' dir='ltr'><strong>tos,</strong></span> <span class='ocrx_word' id='word_1_94' title='bbox 639 998 713 1068; x_wconf 90' lang='lat' dir='ltr'><strong>qnod</strong></span> <span class='ocrx_word' id='word_1_95' title='bbox 733 1014 817 1071; x_wconf 80' lang='lat' dir='ltr'><strong>graue</strong></span> <span class='ocrx_word' id='word_1_96' title='bbox 835 1000 956 1072; x_wconf 90' lang='lat' dir='ltr'><strong>gerimus</strong></span> <span class='ocrx_word' id='word_1_97' title='bbox 1005 1000 1115 1055; x_wconf 83' lang='lat' dir='ltr'><strong>uerterit</strong></span> <span class='ocrx_word' id='word_1_98' title='bbox 1128 998 1326 1071; x_wconf 84' lang='lat' dir='ltr'><strong>providendum</strong></span> <span class='ocrx_word' id='word_1_99' title='bbox 1342 1011 1393 1069; x_wconf 95' lang='lat' dir='ltr'><strong>pro</strong></span> <span class='ocrx_word' id='word_1_100' title='bbox 1409 998 1557 1054; x_wconf 79' lang='lat' dir='ltr'><strong>relaxando</strong></span> <span class='ocrx_word' id='word_1_101' title='bbox 1570 996 1697 1055; x_wconf 87' lang='lat' dir='ltr'><strong>celeriter</strong></span> <span class='ocrx_word' id='word_1_102' title='bbox 1708 998 1793 1051; x_wconf 89' lang='lat' dir='ltr'><strong>inter·</strong></span> 
     </span>
     <span class='ocr_line' id='line_1_9' title="bbox 166 1085 1793 1163; baseline -0.004 -17"><span class='ocrx_word' id='word_1_103' title='bbox 166 1101 196 1146; x_wconf 90' lang='lat' dir='ltr'><strong>ot</strong></span> <span class='ocrx_word' id='word_1_104' title='bbox 218 1089 372 1161; x_wconf 84' lang='lat' dir='ltr'><strong>indignum,</strong></span> <span class='ocrx_word' id='word_1_105' title='bbox 397 1095 525 1159; x_wconf 88' lang='lat' dir='ltr'><strong>tatrquam</strong></span> <span class='ocrx_word' id='word_1_106' title='bbox 553 1089 743 1147; x_wconf 72' lang='lat' dir='ltr'><strong>inobedientiae</strong></span> <span class='ocrx_word' id='word_1_107' title='bbox 768 1090 817 1146; x_wconf 89' lang='lat' dir='ltr'><strong>lilii</strong></span> <span class='ocrx_word' id='word_1_108' title='bbox 861 1089 954 1163; x_wconf 86' lang='lat' dir='ltr'><strong>pingui</strong></span> <span class='ocrx_word' id='word_1_109' title='bbox 1004 1088 1170 1159; x_wconf 87' lang='lat' dir='ltr'><strong>dieto;quia</strong></span> <span class='ocrx_word' id='word_1_110' title='bbox 1186 1088 1232 1143; x_wconf 90' lang='lat' dir='ltr'><strong>tali</strong></span> <span class='ocrx_word' id='word_1_111' title='bbox 1254 1102 1287 1143; x_wconf 88' lang='lat' dir='ltr'><strong>sc</strong></span> <span class='ocrx_word' id='word_1_112' title='bbox 1303 1096 1375 1145; x_wconf 80' lang='grc' dir='ltr'>ιιιιιι</span> <span class='ocrx_word' id='word_1_113' title='bbox 1392 1087 1519 1143; x_wconf 88' lang='lat' dir='ltr'><strong>cautione</strong></span> <span class='ocrx_word' id='word_1_114' title='bbox 1533 1088 1673 1159; x_wconf 85' lang='lat' dir='ltr'><strong>praeruissa</strong></span> <span class='ocrx_word' id='word_1_115' title='bbox 1687 1085 1793 1142; x_wconf 84' lang='lat' dir='ltr'><strong>serrari</strong></span> 
     </span>
     <span class='ocr_line' id='line_1_10' title="bbox 166 1178 1792 1254; baseline -0.004 -15"><span class='ocrx_word' id='word_1_116' title='bbox 166 1181 274 1239; x_wconf 86' lang='lat' dir='ltr'><strong>ceruice</strong></span> <span class='ocrx_word' id='word_1_117' title='bbox 300 1196 334 1237; x_wconf 85' lang='lat' dir='ltr'><strong>ac</strong></span> <span class='ocrx_word' id='word_1_118' title='bbox 358 1189 465 1237; x_wconf 90' lang='lat' dir='ltr'><strong>armato</strong></span> <span class='ocrx_word' id='word_1_119' title='bbox 490 1179 561 1237; x_wconf 95' lang='lat' dir='ltr'><strong>collo</strong></span> <span class='ocrx_word' id='word_1_120' title='bbox 580 1180 676 1251; x_wconf 76' lang='lat' dir='ltr'><strong>iugum</strong></span> <span class='ocrx_word' id='word_1_121' title='bbox 709 1183 837 1254; x_wconf 77' lang='lat' dir='ltr'><strong>praecepti</strong></span> <span class='ocrx_word' id='word_1_122' title='bbox 868 1180 955 1238; x_wconf 87' lang='lat' dir='ltr'><strong>nostri</strong></span> <span class='ocrx_word' id='word_1_123' title='bbox 1005 1195 1059 1235; x_wconf 84' lang='lat' dir='ltr'><strong>trun</strong></span> <span class='ocrx_word' id='word_1_124' title='bbox 1076 1178 1363 1249; x_wconf 82' lang='lat' dir='ltr'><strong>dccetobbujusmodl</strong></span> <span class='ocrx_word' id='word_1_125' title='bbox 1377 1193 1487 1235; x_wconf 87' lang='lat' dir='ltr'><strong>causam</strong></span> <span class='ocrx_word' id='word_1_126' title='bbox 1502 1178 1604 1235; x_wconf 89' lang='lat' dir='ltr'><strong>diutius</strong></span> <span class='ocrx_word' id='word_1_127' title='bbox 1620 1178 1792 1248; x_wconf 90' lang='lat' dir='ltr'><strong>circapopu·</strong></span> 
     </span>
     <span class='ocr_line' id='line_1_11' title="bbox 122 1270 1793 1344; baseline -0.005 -13"><span class='ocrx_word' id='word_1_128' title='bbox 122 1283 126 1291; x_wconf 89' lang='grc'>·</span> <span class='ocrx_word' id='word_1_129' title='bbox 164 1272 478 1331; x_wconf 77' lang='lat' dir='ltr'><strong>excutientesarestrls</strong></span> <span class='ocrx_word' id='word_1_130' title='bbox 489 1271 611 1329; x_wconf 80' lang='lat' dir='ltr'><strong>humeris</strong></span> <span class='ocrx_word' id='word_1_131' title='bbox 621 1272 801 1344; x_wconf 88' lang='lat' dir='ltr'><strong>impudenter,</strong></span> <span class='ocrx_word' id='word_1_132' title='bbox 819 1272 848 1329; x_wconf 92' lang='lat' dir='ltr'><strong>id</strong></span> <span class='ocrx_word' id='word_1_133' title='bbox 861 1273 955 1329; x_wconf 84' lang='lat' dir='ltr'><strong>bacte-</strong></span> <span class='ocrx_word' id='word_1_134' title='bbox 1004 1270 1060 1327; x_wconf 87' lang='lat' dir='ltr'><strong>lum</strong></span> <span class='ocrx_word' id='word_1_135' title='bbox 1073 1272 1236 1328; x_wconf 88' lang='lat' dir='ltr'><strong>sententiam</strong></span> <span class='ocrx_word' id='word_1_136' title='bbox 1248 1270 1396 1338; x_wconf 89' lang='lat' dir='ltr'><strong>interdicti,</strong></span> <span class='ocrx_word' id='word_1_137' title='bbox 1410 1284 1492 1342; x_wconf 89' lang='lat' dir='ltr'><strong>quam</strong></span> <span class='ocrx_word' id='word_1_138' title='bbox 1505 1270 1578 1327; x_wconf 84' lang='lat' dir='ltr'><strong>circa</strong></span> <span class='ocrx_word' id='word_1_139' title='bbox 1588 1284 1678 1341; x_wconf 87' lang='lat' dir='ltr'><strong>regem</strong></span> <span class='ocrx_word' id='word_1_140' title='bbox 1690 1270 1793 1337; x_wconf 92' lang='lat' dir='ltr'><strong>absque</strong></span> 
     </span>
     <span class='ocr_line' id='line_1_12' title="bbox 167 1360 1792 1433; baseline -0.006 -12"><span class='ocrx_word' id='word_1_141' title='bbox 167 1381 219 1423; x_wconf 88' lang='lat' dir='ltr'><strong>nus</strong></span> <span class='ocrx_word' id='word_1_142' title='bbox 246 1363 355 1423; x_wconf 81' lang='lat' dir='ltr'><strong>edicere</strong></span> <span class='ocrx_word' id='word_1_143' title='bbox 376 1380 433 1423; x_wconf 90' lang='lat' dir='ltr'><strong>uon</strong></span> <span class='ocrx_word' id='word_1_144' title='bbox 462 1366 591 1423; x_wconf 91' lang='lat' dir='ltr'><strong>curastis.</strong></span> <span class='ocrx_word' id='word_1_145' title='bbox 627 1362 762 1431; x_wconf 73' lang='lat' dir='ltr'><strong>Quocirca</strong></span> <span class='ocrx_word' id='word_1_146' title='bbox 796 1362 953 1421; x_wconf 90' lang='lat' dir='ltr'><strong>discretioni</strong></span> <span class='ocrx_word' id='word_1_147' title='bbox 1005 1362 1133 1419; x_wconf 84' lang='lat' dir='ltr'><strong>trrandato</strong></span> <span class='ocrx_word' id='word_1_148' title='bbox 1145 1373 1239 1419; x_wconf 90' lang='lat' dir='ltr'><strong>nostro</strong></span> <span class='ocrx_word' id='word_1_149' title='bbox 1251 1364 1321 1419; x_wconf 91' lang='lat' dir='ltr'><strong>idem</strong></span> <span class='ocrx_word' id='word_1_150' title='bbox 1337 1362 1563 1433; x_wconf 82' lang='lat' dir='ltr'><strong>archiepiscopus</strong></span> <span class='ocrx_word' id='word_1_151' title='bbox 1581 1360 1731 1424; x_wconf 84' lang='lat' dir='ltr'><strong>relaxavit,</strong></span> <span class='ocrx_word' id='word_1_152' title='bbox 1746 1371 1792 1414; x_wconf 87' lang='lat' dir='ltr'><strong>ce-</strong></span> 
     </span>
     <span class='ocr_line' id='line_1_13' title="bbox 166 1449 1792 1530; baseline -0.005 -19"><span class='ocrx_word' id='word_1_153' title='bbox 166 1465 265 1514; x_wconf 73' lang='lat' dir='ltr'><strong>sestrae</strong></span> <span class='ocrx_word' id='word_1_154' title='bbox 284 1470 334 1527; x_wconf 87' lang='lat' dir='ltr'><strong>per</strong></span> <span class='ocrx_word' id='word_1_155' title='bbox 354 1456 502 1529; x_wconf 88' lang='lat' dir='ltr'><strong>apostolica</strong></span> <span class='ocrx_word' id='word_1_156' title='bbox 513 1459 614 1529; x_wconf 87' lang='lat' dir='ltr'><strong>scripta</strong></span> <span class='ocrx_word' id='word_1_157' title='bbox 635 1458 759 1515; x_wconf 89' lang='lat' dir='ltr'><strong>districte</strong></span> <span class='ocrx_word' id='word_1_158' title='bbox 774 1457 955 1530; x_wconf 81' lang='lat' dir='ltr'><strong>praecipiendo</strong></span> <span class='ocrx_word' id='word_1_159' title='bbox 1004 1452 1137 1509; x_wconf 88' lang='lat' dir='ltr'><strong>lebrando</strong></span> <span class='ocrx_word' id='word_1_160' title='bbox 1148 1452 1188 1509; x_wconf 94' lang='lat' dir='ltr'><strong>illi</strong></span> <span class='ocrx_word' id='word_1_161' title='bbox 1202 1452 1305 1521; x_wconf 81' lang='lat' dir='ltr'><strong>diuina,</strong></span> <span class='ocrx_word' id='word_1_162' title='bbox 1320 1462 1351 1509; x_wconf 91' lang='grc' dir='ltr'><strong>ιιι</strong></span> <span class='ocrx_word' id='word_1_163' title='bbox 1363 1452 1417 1508; x_wconf 90' lang='lat' dir='ltr'><strong>alia</strong></span> <span class='ocrx_word' id='word_1_164' title='bbox 1428 1460 1568 1508; x_wconf 82' lang='lat' dir='ltr'><strong>taceamus</strong></span> <span class='ocrx_word' id='word_1_165' title='bbox 1581 1452 1609 1507; x_wconf 92' lang='lat' dir='ltr'><strong>in</strong></span> <span class='ocrx_word' id='word_1_166' title='bbox 1621 1452 1719 1523; x_wconf 89' lang='lat' dir='ltr'><strong>quibus</strong></span> <span class='ocrx_word' id='word_1_167' title='bbox 1734 1449 1792 1519; x_wconf 87' lang='lat' dir='ltr'><strong>ipse</strong></span> 
     </span>
     <span class='ocr_line' id='line_1_14' title="bbox 166 1542 1792 1621; baseline -0.006 -16"><span class='ocrx_word' id='word_1_168' title='bbox 166 1549 328 1606; x_wconf 86' lang='lat' dir='ltr'><strong>trraodamus</strong></span> <span class='ocrx_word' id='word_1_169' title='bbox 354 1560 489 1621; x_wconf 88' lang='lat' dir='ltr'><strong>quatenus</strong></span> <span class='ocrx_word' id='word_1_170' title='bbox 510 1549 588 1620; x_wconf 80' lang='lat' dir='ltr'><strong>iusta</strong></span> <span class='ocrx_word' id='word_1_171' title='bbox 615 1550 802 1621; x_wconf 68' lang='lat' dir='ltr'><strong>praescriptam</strong></span> <span class='ocrx_word' id='word_1_172' title='bbox 838 1548 953 1605; x_wconf 77' lang='lat' dir='ltr'><strong>loreum</strong></span> <span class='ocrx_word' id='word_1_173' title='bbox 1004 1544 1073 1601; x_wconf 83' lang='lat' dir='ltr'><strong>istos</strong></span> <span class='ocrx_word' id='word_1_174' title='bbox 1085 1544 1172 1603; x_wconf 89' lang='lat' dir='ltr'><strong>nostri</strong></span> <span class='ocrx_word' id='word_1_175' title='bbox 1191 1543 1311 1602; x_wconf 82' lang='lat' dir='ltr'><strong>uuandati</strong></span> <span class='ocrx_word' id='word_1_176' title='bbox 1331 1544 1464 1601; x_wconf 75' lang='lat' dir='ltr'><strong>assentur</strong></span> <span class='ocrx_word' id='word_1_177' title='bbox 1474 1542 1625 1602; x_wconf 84' lang='lat' dir='ltr'><strong>excessisse</strong></span> <span class='ocrx_word' id='word_1_178' title='bbox 1640 1557 1649 1610; x_wconf 72' lang='grc' dir='ltr'>ς</span> <span class='ocrx_word' id='word_1_179' title='bbox 1667 1555 1717 1613; x_wconf 89' lang='lat' dir='ltr'><strong>per</strong></span> <span class='ocrx_word' id='word_1_180' title='bbox 1731 1553 1792 1610; x_wconf 74' lang='lat' dir='ltr'><strong>qum</strong></span> 
     </span>
     <span class='ocr_line' id='line_1_15' title="bbox 166 1633 1791 1719; baseline -0.007 -21"><span class='ocrx_word' id='word_1_181' title='bbox 166 1642 216 1713; x_wconf 88' lang='lat' dir='ltr'><strong>ipsi</strong></span> <span class='ocrx_word' id='word_1_182' title='bbox 235 1642 365 1713; x_wconf 85' lang='lat' dir='ltr'><strong>magistro</strong></span> <span class='ocrx_word' id='word_1_183' title='bbox 374 1656 429 1699; x_wconf 87' lang='lat' dir='ltr'><strong>non</strong></span> <span class='ocrx_word' id='word_1_184' title='bbox 443 1641 576 1699; x_wconf 74' lang='lat' dir='ltr'><strong>differatis</strong></span> <span class='ocrx_word' id='word_1_185' title='bbox 589 1642 704 1719; x_wconf 75' lang='lat' dir='ltr'><strong>ulterius</strong></span> <span class='ocrx_word' id='word_1_186' title='bbox 711 1639 867 1714; x_wconf 84' lang='lat' dir='ltr'><strong>prouidere.</strong></span> <span class='ocrx_word' id='word_1_187' title='bbox 883 1640 955 1697; x_wconf 72' lang='lat' dir='ltr'><strong>Alio·</strong></span> <span class='ocrx_word' id='word_1_188' title='bbox 1005 1646 1096 1693; x_wconf 73' lang='lat' dir='ltr'><strong>tanuen</strong></span> <span class='ocrx_word' id='word_1_189' title='bbox 1119 1638 1310 1694; x_wconf 81' lang='lat' dir='ltr'><strong>ecclesiastice</strong></span> <span class='ocrx_word' id='word_1_190' title='bbox 1322 1636 1443 1693; x_wconf 80' lang='lat' dir='ltr'><strong>libertati</strong></span> <span class='ocrx_word' id='word_1_191' title='bbox 1468 1634 1593 1692; x_wconf 90' lang='lat' dir='ltr'><strong>nolumus</strong></span> <span class='ocrx_word' id='word_1_192' title='bbox 1613 1633 1791 1706; x_wconf 86' lang='lat' dir='ltr'><strong>impedimen·</strong></span> 
     </span>
     <span class='ocr_line' id='line_1_16' title="bbox 163 1720 1745 1805; baseline -0.003 -17"><span class='ocrx_word' id='word_1_193' title='bbox 163 1734 231 1803; x_wconf 83' lang='lat' dir='ltr'><strong>quin</strong></span> <span class='ocrx_word' id='word_1_194' title='bbox 247 1742 384 1790; x_wconf 78' lang='lat' dir='ltr'><strong>torturum</strong></span> <span class='ocrx_word' id='word_1_195' title='bbox 397 1733 645 1805; x_wconf 72' lang='lat' dir='ltr'><strong>transgressionum</strong></span> <span class='ocrx_word' id='word_1_196' title='bbox 658 1720 712 1790; x_wconf 79' lang='lat' dir='ltr'><strong>raon</strong></span> <span class='ocrx_word' id='word_1_197' title='bbox 731 1732 865 1804; x_wconf 69' lang='lat' dir='ltr'><strong>effugietis</strong></span> <span class='ocrx_word' id='word_1_198' title='bbox 876 1730 953 1787; x_wconf 88' lang='lat' dir='ltr'><strong>debi-</strong></span> <span class='ocrx_word' id='word_1_199' title='bbox 1006 1740 1063 1785; x_wconf 91' lang='lat' dir='ltr'><strong>tum</strong></span> <span class='ocrx_word' id='word_1_200' title='bbox 1077 1729 1180 1801; x_wconf 77' lang='lat' dir='ltr'><strong>afferri,</strong></span> <span class='ocrx_word' id='word_1_201' title='bbox 1193 1748 1243 1802; x_wconf 87' lang='lat' dir='ltr'><strong>pro</strong></span> <span class='ocrx_word' id='word_1_202' title='bbox 1256 1748 1309 1803; x_wconf 73' lang='lat' dir='ltr'><strong>«qna</strong></span> <span class='ocrx_word' id='word_1_203' title='bbox 1321 1740 1363 1787; x_wconf 88' lang='lat' dir='ltr'><strong>est</strong></span> <span class='ocrx_word' id='word_1_204' title='bbox 1373 1744 1548 1801; x_wconf 85' lang='lat' dir='ltr'><strong>surnmoprrc</strong></span> <span class='ocrx_word' id='word_1_205' title='bbox 1559 1727 1745 1785; x_wconf 88' lang='lat' dir='ltr'><strong>insistendum.</strong></span> 
     </span>
     <span class='ocr_line' id='line_1_17' title="bbox 165 1791 1791 1896; baseline -0.007 -13"><span class='ocrx_word' id='word_1_206' title='bbox 165 1838 222 1885; x_wconf 87' lang='lat' dir='ltr'><strong>tarn</strong></span> <span class='ocrx_word' id='word_1_207' title='bbox 238 1828 383 1896; x_wconf 72' lang='lat' dir='ltr'><strong>unionem3</strong></span> <span class='ocrx_word' id='word_1_208' title='bbox 397 1830 516 1886; x_wconf 88' lang='lat' dir='ltr'><strong>scientes</strong></span> <span class='ocrx_word' id='word_1_209' title='bbox 531 1843 582 1885; x_wconf 91' lang='lat' dir='ltr'><strong>uos</strong></span> <span class='ocrx_word' id='word_1_210' title='bbox 595 1827 697 1883; x_wconf 91' lang='lat' dir='ltr'><strong>dilecto</strong></span> <span class='ocrx_word' id='word_1_211' title='bbox 710 1826 767 1883; x_wconf 87' lang='lat' dir='ltr'><strong>tilio</strong></span> <span class='ocrx_word' id='word_1_212' title='bbox 777 1824 860 1882; x_wconf 79' lang='lat' dir='ltr'><strong>Petro</strong></span> <span class='ocrx_word' id='word_1_213' title='bbox 881 1791 992 1882; x_wconf 78' lang='lat' dir='ltr'><strong>tituliB</strong></span> <span class='ocrx_word' id='word_1_214' title='bbox 1043 1822 1138 1877; x_wconf 76' lang='lat' dir='ltr'><strong>Datum</strong></span> <span class='ocrx_word' id='word_1_215' title='bbox 1155 1821 1296 1889; x_wconf 78' lang='lat' dir='ltr'><strong>Laterani,</strong></span> <span class='ocrx_word' id='word_1_216' title='bbox 1320 1839 1339 1879; x_wconf 81' lang='lat' dir='ltr'><strong>a</strong></span> <span class='ocrx_word' id='word_1_217' title='bbox 1363 1822 1425 1879; x_wconf 84' lang='lat' dir='ltr'><strong>Kal.</strong></span> <span class='ocrx_word' id='word_1_218' title='bbox 1447 1820 1600 1891; x_wconf 79' lang='lat' dir='ltr'><strong>Februarii,</strong></span> <span class='ocrx_word' id='word_1_219' title='bbox 1617 1818 1791 1893; x_wconf 71' lang='lat' dir='ltr'><strong>pontificatus</strong></span> 
     </span>
     <span class='ocr_line' id='line_1_18' title="bbox 166 1917 1393 1990; baseline 0 -17"><span class='ocrx_word' id='word_1_220' title='bbox 166 1920 273 1975; x_wconf 77' lang='lat' dir='ltr'><strong>Sancta</strong></span> <span class='ocrx_word' id='word_1_221' title='bbox 288 1918 381 1976; x_wconf 83' lang='lat' dir='ltr'><strong>blariae</strong></span> <span class='ocrx_word' id='word_1_222' title='bbox 395 1919 423 1975; x_wconf 92' lang='lat' dir='ltr'><strong>in</strong></span> <span class='ocrx_word' id='word_1_223' title='bbox 434 1920 538 1990; x_wconf 82' lang='lat' dir='ltr'><strong>tiquiro</strong></span> <span class='ocrx_word' id='word_1_224' title='bbox 549 1920 663 1977; x_wconf 89' lang='lat' dir='ltr'><strong>diacono</strong></span> <span class='ocrx_word' id='word_1_225' title='bbox 678 1917 808 1975; x_wconf 83' lang='lat' dir='ltr'><strong>cardinali</strong></span> <span class='ocrx_word' id='word_1_226' title='bbox 821 1957 829 1983; x_wconf 89' lang='lat'><strong>,</strong></span> <span class='ocrx_word' id='word_1_227' title='bbox 844 1926 954 1988; x_wconf 88' lang='lat' dir='ltr'><strong>aposto·</strong></span> <span class='ocrx_word' id='word_1_228' title='bbox 1003 1918 1088 1976; x_wconf 87' lang='lat' dir='ltr'><strong>nostri</strong></span> <span class='ocrx_word' id='word_1_229' title='bbox 1102 1933 1174 1974; x_wconf 91' lang='lat' dir='ltr'><strong>anuo</strong></span> <span class='ocrx_word' id='word_1_230' title='bbox 1186 1928 1264 1975; x_wconf 84' lang='lat' dir='ltr'><strong>sexto</strong></span> <span class='ocrx_word' id='word_1_231' title='bbox 1277 1919 1393 1975; x_wconf 89' lang='lat' dir='ltr'><strong>decimo.</strong></span> 
     </span>
    </p>

    <p class='ocr_par' dir='ltr' id='par_1_3' title="bbox 166 2006 1462 2082">
     <span class='ocr_line' id='line_1_19' title="bbox 166 2006 1462 2082; baseline 0.001 -19"><span class='ocrx_word' id='word_1_232' title='bbox 166 2010 224 2065; x_wconf 65' lang='lat' dir='ltr'><strong>lim</strong></span> <span class='ocrx_word' id='word_1_233' title='bbox 242 2009 316 2067; x_wconf 87' lang='lat' dir='ltr'><strong>sedis</strong></span> <span class='ocrx_word' id='word_1_234' title='bbox 336 2009 441 2082; x_wconf 83' lang='lat' dir='ltr'><strong>legato,</strong></span> <span class='ocrx_word' id='word_1_235' title='bbox 463 2025 512 2081; x_wconf 90' lang='lat' dir='ltr'><strong>per</strong></span> <span class='ocrx_word' id='word_1_236' title='bbox 534 2010 685 2081; x_wconf 85' lang='lat' dir='ltr'><strong>apostolica</strong></span> <span class='ocrx_word' id='word_1_237' title='bbox 706 2009 809 2079; x_wconf 88' lang='lat' dir='ltr'><strong>scripta</strong></span> <span class='ocrx_word' id='word_1_238' title='bbox 829 2008 953 2065; x_wconf 86' lang='lat' dir='ltr'><strong>districte</strong></span> <span class='ocrx_word' id='word_1_239' title='bbox 1358 2006 1462 2065; x_wconf 78' lang='lat' dir='ltr'><strong>CLXV.</strong></span> 
     </span>
    </p>

    <p class='ocr_par' dir='ltr' id='par_1_4' title="bbox 164 2101 1581 2171">
     <span class='ocr_line' id='line_1_20' title="bbox 164 2101 1581 2171; baseline 0 -14"><span class='ocrx_word' id='word_1_240' title='bbox 164 2101 346 2171; x_wconf 80' lang='lat' dir='ltr'><strong>pracipteodo</strong></span> <span class='ocrx_word' id='word_1_241' title='bbox 359 2101 503 2159; x_wconf 82' lang='lat' dir='ltr'><strong>uuandassc</strong></span> <span class='ocrx_word' id='word_1_242' title='bbox 516 2109 547 2157; x_wconf 91' lang='lat' dir='ltr'><strong>ut</strong></span> <span class='ocrx_word' id='word_1_243' title='bbox 559 2102 583 2158; x_wconf 95' lang='lat' dir='ltr'><strong>si</strong></span> <span class='ocrx_word' id='word_1_244' title='bbox 599 2116 646 2159; x_wconf 89' lang='lat' dir='ltr'><strong>ros</strong></span> <span class='ocrx_word' id='word_1_245' title='bbox 659 2102 816 2157; x_wconf 90' lang='lat' dir='ltr'><strong>mandatum</strong></span> <span class='ocrx_word' id='word_1_246' title='bbox 828 2110 951 2157; x_wconf 90' lang='lat' dir='ltr'><strong>nostrum</strong></span> <span class='ocrx_word' id='word_1_247' title='bbox 1207 2116 1330 2159; x_wconf 79' lang='lat' dir='ltr'><strong>sorssors</strong></span> <span class='ocrx_word' id='word_1_248' title='bbox 1342 2114 1581 2159; x_wconf 80' lang='lat' dir='ltr'><strong>waartsctvreust.</strong></span> 
     </span>
    </p>

    <p class='ocr_par' dir='ltr' id='par_1_5' title="bbox 165 2190 1632 2265">
     <span class='ocr_line' id='line_1_21' title="bbox 165 2190 1632 2265; baseline 0.002 -20"><span class='ocrx_word' id='word_1_249' title='bbox 165 2190 338 2262; x_wconf 83' lang='lat' dir='ltr'><strong>neglexeritis</strong></span> <span class='ocrx_word' id='word_1_250' title='bbox 362 2191 524 2263; x_wconf 87' lang='lat' dir='ltr'><strong>adimplere,</strong></span> <span class='ocrx_word' id='word_1_251' title='bbox 547 2192 609 2263; x_wconf 90' lang='lat' dir='ltr'><strong>ipsc</strong></span> <span class='ocrx_word' id='word_1_252' title='bbox 623 2193 657 2249; x_wconf 90' lang='lat' dir='ltr'><strong>dc</strong></span> <span class='ocrx_word' id='word_1_253' title='bbox 669 2193 748 2249; x_wconf 88' lang='lat' dir='ltr'><strong>bools</strong></span> <span class='ocrx_word' id='word_1_254' title='bbox 759 2192 889 2249; x_wconf 75' lang='lat' dir='ltr'><strong>Ecclesia</strong></span> <span class='ocrx_word' id='word_1_255' title='bbox 905 2206 953 2249; x_wconf 87' lang='lat' dir='ltr'><strong>rc-</strong></span> <span class='ocrx_word' id='word_1_256' title='bbox 1159 2191 1266 2249; x_wconf 84' lang='lat' dir='ltr'><strong>l&#39;r&#39;rcriu</strong></span> <span class='ocrx_word' id='word_1_257' title='bbox 1278 2202 1404 2265; x_wconf 81' lang='lat' dir='ltr'><strong>perpetuo</strong></span> <span class='ocrx_word' id='word_1_258' title='bbox 1415 2202 1453 2247; x_wconf 83' lang='lat' dir='ltr'><strong>est</strong></span> <span class='ocrx_word' id='word_1_259' title='bbox 1468 2190 1632 2262; x_wconf 67' lang='lat' dir='ltr'><strong>laurencium.</strong></span> 
     </span>
    </p>

    <p class='ocr_par' dir='ltr' id='par_1_6' title="bbox 163 2282 1792 2631">
     <span class='ocr_line' id='line_1_22' title="bbox 165 2282 1608 2356; baseline 0.001 -19"><span class='ocrx_word' id='word_1_260' title='bbox 165 2293 215 2339; x_wconf 79' lang='lat' dir='ltr'><strong>trae</strong></span> <span class='ocrx_word' id='word_1_261' title='bbox 237 2282 386 2339; x_wconf 67' lang='lat' dir='ltr'><strong>meandum</strong></span> <span class='ocrx_word' id='word_1_262' title='bbox 412 2282 529 2339; x_wconf 89' lang='lat' dir='ltr'><strong>lormam</strong></span> <span class='ocrx_word' id='word_1_263' title='bbox 549 2283 674 2340; x_wconf 83' lang='lat' dir='ltr'><strong>eamdem</strong></span> <span class='ocrx_word' id='word_1_264' title='bbox 687 2290 886 2354; x_wconf 82' lang='lat' dir='ltr'><strong>competentem</strong></span> <span class='ocrx_word' id='word_1_265' title='bbox 899 2282 951 2341; x_wconf 90' lang='lat' dir='ltr'><strong>sibi</strong></span> <span class='ocrx_word' id='word_1_266' title='bbox 1180 2284 1330 2355; x_wconf 84' lang='lat' dir='ltr'><strong>(Laterani,</strong></span> <span class='ocrx_word' id='word_1_267' title='bbox 1345 2300 1372 2339; x_wconf 83' lang='lat' dir='ltr'><strong>rt</strong></span> <span class='ocrx_word' id='word_1_268' title='bbox 1387 2284 1449 2341; x_wconf 89' lang='lat' dir='ltr'><strong>ldus</strong></span> <span class='ocrx_word' id='word_1_269' title='bbox 1460 2282 1608 2356; x_wconf 77' lang='lat' dir='ltr'><strong>ianuarii.)</strong></span> 
     </span>
     <span class='ocr_line' id='line_1_23' title="bbox 163 2369 1791 2449; baseline 0.004 -23"><span class='ocrx_word' id='word_1_270' title='bbox 163 2372 347 2445; x_wconf 85' lang='lat' dir='ltr'><strong>provisionem</strong></span> <span class='ocrx_word' id='word_1_271' title='bbox 369 2380 464 2429; x_wconf 90' lang='lat' dir='ltr'><strong>nostra</strong></span> <span class='ocrx_word' id='word_1_272' title='bbox 485 2370 612 2429; x_wconf 80' lang='lat' dir='ltr'><strong>suffultus</strong></span> <span class='ocrx_word' id='word_1_273' title='bbox 626 2373 790 2429; x_wconf 89' lang='lat' dir='ltr'><strong>auctoritate</strong></span> <span class='ocrx_word' id='word_1_274' title='bbox 812 2375 952 2446; x_wconf 87' lang='lat' dir='ltr'><strong>assignare</strong></span> <span class='ocrx_word' id='word_1_275' title='bbox 1038 2376 1112 2449; x_wconf 81' lang='lat' dir='ltr'><strong>(tus)</strong></span> <span class='ocrx_word' id='word_1_276' title='bbox 1126 2375 1271 2433; x_wconf 82' lang='lat' dir='ltr'><strong>Postulasti</strong></span> <span class='ocrx_word' id='word_1_277' title='bbox 1290 2390 1341 2446; x_wconf 90' lang='lat' dir='ltr'><strong>per</strong></span> <span class='ocrx_word' id='word_1_278' title='bbox 1365 2376 1459 2432; x_wconf 88' lang='lat' dir='ltr'><strong>sedem</strong></span> <span class='ocrx_word' id='word_1_279' title='bbox 1474 2374 1651 2447; x_wconf 88' lang='lat' dir='ltr'><strong>apostolicam</strong></span> <span class='ocrx_word' id='word_1_280' title='bbox 1674 2369 1791 2433; x_wconf 79' lang='lat' dir='ltr'><strong>edoceri</strong></span> 
     </span>
     <span class='ocr_line' id='line_1_24' title="bbox 163 2463 1791 2539; baseline 0.004 -22"><span class='ocrx_word' id='word_1_281' title='bbox 163 2471 308 2533; x_wconf 66' lang='lat' dir='ltr'><strong>procursu</strong></span> <span class='ocrx_word' id='word_1_282' title='bbox 333 2463 561 2529; x_wconf 80' lang='lat' dir='ltr'><strong>contradictores,</strong></span> <span class='ocrx_word' id='word_1_283' title='bbox 590 2464 613 2519; x_wconf 87' lang='lat' dir='ltr'><strong>si</strong></span> <span class='ocrx_word' id='word_1_284' title='bbox 643 2464 691 2536; x_wconf 93' lang='lat' dir='ltr'><strong>qui</strong></span> <span class='ocrx_word' id='word_1_285' title='bbox 715 2465 885 2531; x_wconf 86' lang='lat' dir='ltr'><strong>luerint,vel</strong></span> <span class='ocrx_word' id='word_1_286' title='bbox 904 2480 952 2521; x_wconf 88' lang='lat' dir='ltr'><strong>re·</strong></span> <span class='ocrx_word' id='word_1_287' title='bbox 1001 2477 1093 2523; x_wconf 87' lang='lat' dir='ltr'><strong>utrum</strong></span> <span class='ocrx_word' id='word_1_288' title='bbox 1115 2465 1230 2538; x_wconf 77' lang='lat' dir='ltr'><strong>alicujus</strong></span> <span class='ocrx_word' id='word_1_289' title='bbox 1247 2466 1377 2523; x_wconf 75' lang='lat' dir='ltr'><strong>Ecclesia</strong></span> <span class='ocrx_word' id='word_1_290' title='bbox 1388 2475 1519 2539; x_wconf 90' lang='lat' dir='ltr'><strong>perpetuo</strong></span> <span class='ocrx_word' id='word_1_291' title='bbox 1544 2468 1647 2525; x_wconf 87' lang='lat' dir='ltr'><strong>vicario</strong></span> <span class='ocrx_word' id='word_1_292' title='bbox 1664 2466 1699 2523; x_wconf 89' lang='lat' dir='ltr'><strong>de</strong></span> <span class='ocrx_word' id='word_1_293' title='bbox 1726 2480 1791 2538; x_wconf 90' lang='lat' dir='ltr'><strong>pro·</strong></span> 
     </span>
     <span class='ocr_line' id='line_1_25' title="bbox 163 2554 1792 2631; baseline 0.001 -18"><span class='ocrx_word' id='word_1_294' title='bbox 163 2555 247 2613; x_wconf 84' lang='lat' dir='ltr'><strong>belles</strong></span> <span class='ocrx_word' id='word_1_295' title='bbox 259 2555 367 2613; x_wconf 87' lang='lat' dir='ltr'><strong>sublato</strong></span> <span class='ocrx_word' id='word_1_296' title='bbox 388 2554 533 2625; x_wconf 82' lang='lat' dir='ltr'><strong>cuiuslibet</strong></span> <span class='ocrx_word' id='word_1_297' title='bbox 557 2557 953 2630; x_wconf 86' lang='lat' dir='ltr'><strong>corttradictionisetappella·</strong></span> <span class='ocrx_word' id='word_1_298' title='bbox 1001 2559 1127 2617; x_wconf 84' lang='lat' dir='ltr'><strong>rentibus</strong></span> <span class='ocrx_word' id='word_1_299' title='bbox 1145 2558 1256 2616; x_wconf 74' lang='lat' dir='ltr'><strong>ricarite</strong></span> <span class='ocrx_word' id='word_1_300' title='bbox 1278 2557 1414 2629; x_wconf 79' lang='lat' dir='ltr'><strong>bonisque</strong></span> <span class='ocrx_word' id='word_1_301' title='bbox 1440 2559 1563 2631; x_wconf 90' lang='lat' dir='ltr'><strong>paternis</strong></span> <span class='ocrx_word' id='word_1_302' title='bbox 1589 2558 1699 2615; x_wconf 83' lang='lat' dir='ltr'><strong>ltalrenti</strong></span> <span class='ocrx_word' id='word_1_303' title='bbox 1720 2559 1792 2615; x_wconf 88' lang='lat' dir='ltr'><strong>unde</strong></span> 
     </span>
    </p>
   </div>
   <div class='ocr_carea' id='block_1_3' title="bbox 161 2644 1791 3001">
    <p class='ocr_par' dir='ltr' id='par_1_7' title="bbox 161 2644 1791 2815">
     <span class='ocr_line' id='line_1_26' title="bbox 164 2644 1791 2721; baseline 0.001 -18"><span class='ocrx_word' id='word_1_304' title='bbox 164 2645 246 2703; x_wconf 89' lang='lat' dir='ltr'><strong>tionis</strong></span> <span class='ocrx_word' id='word_1_305' title='bbox 258 2644 400 2704; x_wconf 87' lang='lat' dir='ltr'><strong>obstaculo</strong></span> <span class='ocrx_word' id='word_1_306' title='bbox 423 2659 474 2718; x_wconf 89' lang='lat' dir='ltr'><strong>per</strong></span> <span class='ocrx_word' id='word_1_307' title='bbox 486 2659 631 2703; x_wconf 91' lang='lat' dir='ltr'><strong>censuram</strong></span> <span class='ocrx_word' id='word_1_308' title='bbox 641 2646 858 2703; x_wconf 86' lang='lat' dir='ltr'><strong>ecclesiasticam</strong></span> <span class='ocrx_word' id='word_1_309' title='bbox 876 2662 952 2705; x_wconf 90' lang='lat' dir='ltr'><strong>com·</strong></span> <span class='ocrx_word' id='word_1_310' title='bbox 1002 2650 1093 2709; x_wconf 89' lang='lat' dir='ltr'><strong>ualeat</strong></span> <span class='ocrx_word' id='word_1_311' title='bbox 1107 2648 1251 2709; x_wconf 89' lang='lat' dir='ltr'><strong>commode</strong></span> <span class='ocrx_word' id='word_1_312' title='bbox 1263 2650 1412 2709; x_wconf 85' lang='lat' dir='ltr'><strong>sustentari</strong></span> <span class='ocrx_word' id='word_1_313' title='bbox 1432 2651 1553 2707; x_wconf 87' lang='lat' dir='ltr'><strong>tenearis</strong></span> <span class='ocrx_word' id='word_1_314' title='bbox 1565 2664 1613 2721; x_wconf 93' lang='lat' dir='ltr'><strong>per</strong></span> <span class='ocrx_word' id='word_1_315' title='bbox 1628 2650 1701 2705; x_wconf 88' lang='lat' dir='ltr'><strong>illmn</strong></span> <span class='ocrx_word' id='word_1_316' title='bbox 1715 2664 1791 2707; x_wconf 89' lang='lat' dir='ltr'><strong>com·</strong></span> 
     </span>
     <span class='ocr_line' id='line_1_27' title="bbox 161 2740 1790 2815; baseline 0.002 -20"><span class='ocrx_word' id='word_1_317' title='bbox 161 2740 306 2811; x_wconf 74' lang='lat' dir='ltr'><strong>pmoendo.</strong></span> <span class='ocrx_word' id='word_1_318' title='bbox 1000 2758 1110 2801; x_wconf 90' lang='lat' dir='ltr'><strong>tounem</strong></span> <span class='ocrx_word' id='word_1_319' title='bbox 1125 2747 1263 2811; x_wconf 86' lang='lat' dir='ltr'><strong>lormam,</strong></span> <span class='ocrx_word' id='word_1_320' title='bbox 1280 2742 1346 2799; x_wconf 79' lang='lat' dir='ltr'><strong>saer</strong></span> <span class='ocrx_word' id='word_1_321' title='bbox 1367 2742 1512 2799; x_wconf 67' lang='lat' dir='ltr'><strong>erundum</strong></span> <span class='ocrx_word' id='word_1_322' title='bbox 1531 2742 1686 2814; x_wconf 67' lang='lat' dir='ltr'><strong>Amstolrun</strong></span> <span class='ocrx_word' id='word_1_323' title='bbox 1703 2742 1790 2815; x_wconf 74' lang='grc'><strong>(199),</strong></span> 
     </span>
    </p>

    <p class='ocr_par' dir='ltr' id='par_1_8' title="bbox 161 2830 1791 3001">
     <span class='ocr_line' id='line_1_28' title="bbox 196 2830 1791 2909; baseline -0.004 -10"><span class='ocrx_word' id='word_1_324' title='bbox 196 2831 446 2900; x_wconf 65' lang='lat' dir='ltr'><strong>fflwmhlmllb</strong></span> <span class='ocrx_word' id='word_1_325' title='bbox 464 2830 951 2903; x_wconf 63' lang='lat' dir='ltr'><strong>¹¹¹¹11²¹·F0bfflllilrl0ssllss02lls</strong></span> <span class='ocrx_word' id='word_1_326' title='bbox 1002 2838 1029 2893; x_wconf 91' lang='lat' dir='ltr'><strong>in</strong></span> <span class='ocrx_word' id='word_1_327' title='bbox 1052 2836 1241 2895; x_wconf 87' lang='lat' dir='ltr'><strong>ecclesiastico</strong></span> <span class='ocrx_word' id='word_1_328' title='bbox 1262 2836 1397 2895; x_wconf 85' lang='lat' dir='ltr'><strong>benellcio</strong></span> <span class='ocrx_word' id='word_1_329' title='bbox 1419 2835 1575 2909; x_wconf 81' lang='lat' dir='ltr'><strong>prouidere.</strong></span> <span class='ocrx_word' id='word_1_330' title='bbox 1593 2836 1636 2893; x_wconf 82' lang='lat' dir='ltr'><strong>to</strong></span> <span class='ocrx_word' id='word_1_331' title='bbox 1657 2838 1729 2907; x_wconf 91' lang='lat' dir='ltr'><strong>quod</strong></span> <span class='ocrx_word' id='word_1_332' title='bbox 1750 2836 1791 2893; x_wconf 89' lang='lat' dir='ltr'><strong>sic</strong></span> 
     </span>
     <span class='ocr_line' id='line_1_29' title="bbox 161 2922 1791 3001; baseline 0 -18"><span class='ocrx_word' id='word_1_333' title='bbox 161 2924 247 2983; x_wconf 90' lang='lat' dir='ltr'><strong>nostri</strong></span> <span class='ocrx_word' id='word_1_334' title='bbox 263 2922 555 2981; x_wconf 81' lang='lat' dir='ltr'><strong>annossstodecimo.</strong></span> <span class='ocrx_word' id='word_1_335' title='bbox 999 2929 1127 2986; x_wconf 87' lang='lat' dir='ltr'><strong>duximus</strong></span> <span class='ocrx_word' id='word_1_336' title='bbox 1154 2929 1391 3001; x_wconf 86' lang='lat' dir='ltr'><strong>respondendum,</strong></span> <span class='ocrx_word' id='word_1_337' title='bbox 1413 2928 1571 3000; x_wconf 92' lang='lat' dir='ltr'><strong>quodcum</strong></span> <span class='ocrx_word' id='word_1_338' title='bbox 1598 2940 1647 3000; x_wconf 89' lang='lat' dir='ltr'><strong>per</strong></span> <span class='ocrx_word' id='word_1_339' title='bbox 1673 2927 1791 2984; x_wconf 79' lang='lat' dir='ltr'><strong>formam</strong></span> 
     </span>
    </p>
   </div>
   <div class='ocr_carea' id='block_1_4' title="bbox 196 3012 1791 3192">
    <p class='ocr_par' dir='ltr' id='par_1_9' title="bbox 196 3012 1791 3192">
     <span class='ocr_line' id='line_1_30' title="bbox 407 3012 1791 3094; baseline 0.009 -26"><span class='ocrx_word' id='word_1_340' title='bbox 407 3087 409 3090; x_wconf 22' lang='grc' dir='ltr'>Ι</span> <span class='ocrx_word' id='word_1_341' title='bbox 494 3012 610 3069; x_wconf 79' lang='lat' dir='ltr'><strong>ctlttl.</strong></span> <span class='ocrx_word' id='word_1_342' title='bbox 1000 3022 1157 3090; x_wconf 70' lang='lat' dir='ltr'><strong>praedictam</strong></span> <span class='ocrx_word' id='word_1_343' title='bbox 1172 3022 1381 3079; x_wconf 85' lang='lat' dir='ltr'><strong>necessitatibus</strong></span> <span class='ocrx_word' id='word_1_344' title='bbox 1395 3036 1543 3093; x_wconf 90' lang='lat' dir='ltr'><strong>pauperum</strong></span> <span class='ocrx_word' id='word_1_345' title='bbox 1572 3023 1791 3094; x_wconf 90' lang='lat' dir='ltr'><strong>clericorumqui</strong></span> 
     </span>
     <span class='ocr_line' id='line_1_31' title="bbox 196 3112 1790 3192; baseline 0.004 -29"><span class='ocrx_word' id='word_1_346' title='bbox 196 3119 310 3163; x_wconf 79' lang='lat' dir='ltr'><strong>arnosto</strong></span> <span class='ocrx_word' id='word_1_347' title='bbox 334 3118 489 3163; x_wconf 81' lang='lat' dir='ltr'><strong>rttscuttttu</strong></span> <span class='ocrx_word' id='word_1_348' title='bbox 511 3118 639 3164; x_wconf 71' lang='lat' dir='ltr'><strong>reiecero</strong></span> <span class='ocrx_word' id='word_1_349' title='bbox 655 3117 827 3161; x_wconf 64' lang='lat' dir='ltr'><strong>trussellus</strong></span> <span class='ocrx_word' id='word_1_350' title='bbox 841 3117 935 3182; x_wconf 47' lang='lat'><strong>81⁰¹?</strong></span> <span class='ocrx_word' id='word_1_351' title='bbox 963 3112 1104 3192; x_wconf 72' lang='lat' dir='ltr'><strong>curtulum</strong></span> <span class='ocrx_word' id='word_1_352' title='bbox 1132 3120 1194 3169; x_wconf 88' lang='lat' dir='ltr'><strong>sunt</strong></span> <span class='ocrx_word' id='word_1_353' title='bbox 1218 3112 1437 3170; x_wconf 87' lang='lat' dir='ltr'><strong>ecclesiasticum</strong></span> <span class='ocrx_word' id='word_1_354' title='bbox 1462 3112 1624 3170; x_wconf 80' lang='lat' dir='ltr'><strong>beneficium</strong></span> <span class='ocrx_word' id='word_1_355' title='bbox 1655 3115 1790 3181; x_wconf 80' lang='lat' dir='ltr'><strong>assecuti,</strong></span> 
     </span>
    </p>
   </div>
   <div class='ocr_carea' id='block_1_5' title="bbox 155 3204 1791 5671">
    <p class='ocr_par' dir='ltr' id='par_1_10' title="bbox 155 3204 1791 5671">
     <span class='ocr_line' id='line_1_32' title="bbox 494 3204 1791 3278; baseline 0.004 -19"><span class='ocrx_word' id='word_1_356' title='bbox 494 3210 610 3254; x_wconf 68' lang='lat' dir='ltr'><strong>usuro·</strong></span> <span class='ocrx_word' id='word_1_357' title='bbox 1002 3205 1074 3261; x_wconf 90' lang='lat' dir='ltr'><strong>sicut</strong></span> <span class='ocrx_word' id='word_1_358' title='bbox 1094 3204 1194 3261; x_wconf 86' lang='lat' dir='ltr'><strong>ibidem</strong></span> <span class='ocrx_word' id='word_1_359' title='bbox 1212 3205 1327 3275; x_wconf 82' lang='lat' dir='ltr'><strong>exprimi</strong></span> <span class='ocrx_word' id='word_1_360' title='bbox 1352 3205 1505 3271; x_wconf 87' lang='lat' dir='ltr'><strong>consuerit,</strong></span> <span class='ocrx_word' id='word_1_361' title='bbox 1535 3205 1616 3263; x_wconf 87' lang='lat' dir='ltr'><strong>sedes</strong></span> <span class='ocrx_word' id='word_1_362' title='bbox 1644 3206 1791 3278; x_wconf 83' lang='lat' dir='ltr'><strong>apostolica</strong></span> 
     </span>
     <span class='ocr_line' id='line_1_33' title="bbox 319 3291 1790 3368; baseline 0.003 -20"><span class='ocrx_word' id='word_1_363' title='bbox 319 3291 357 3348; x_wconf 81' lang='lat' dir='ltr'><strong>lle</strong></span> <span class='ocrx_word' id='word_1_364' title='bbox 371 3291 516 3347; x_wconf 72' lang='lat' dir='ltr'><strong>relucendo</strong></span> <span class='ocrx_word' id='word_1_365' title='bbox 527 3291 666 3347; x_wconf 83' lang='lat' dir='ltr'><strong>interdicto</strong></span> <span class='ocrx_word' id='word_1_366' title='bbox 676 3291 789 3363; x_wconf 81' lang='lat' dir='ltr'><strong>Auglioe.</strong></span> <span class='ocrx_word' id='word_1_367' title='bbox 1002 3294 1112 3350; x_wconf 75' lang='lat' dir='ltr'><strong>eluxerit</strong></span> <span class='ocrx_word' id='word_1_368' title='bbox 1123 3297 1335 3353; x_wconf 89' lang='lat' dir='ltr'><strong>succurrendum</strong></span> <span class='ocrx_word' id='word_1_369' title='bbox 1347 3335 1356 3363; x_wconf 93' lang='lat'><strong>,</strong></span> <span class='ocrx_word' id='word_1_370' title='bbox 1372 3303 1522 3368; x_wconf 90' lang='lat' dir='ltr'><strong>perpetuus</strong></span> <span class='ocrx_word' id='word_1_371' title='bbox 1537 3295 1658 3354; x_wconf 87' lang='lat' dir='ltr'><strong>vicarius</strong></span> <span class='ocrx_word' id='word_1_372' title='bbox 1670 3336 1679 3363; x_wconf 89' lang='lat'><strong>,</strong></span> <span class='ocrx_word' id='word_1_373' title='bbox 1691 3296 1743 3354; x_wconf 90' lang='lat' dir='ltr'><strong>uisi</strong></span> <span class='ocrx_word' id='word_1_374' title='bbox 1755 3297 1790 3352; x_wconf 90' lang='lat' dir='ltr'><strong>de</strong></span> 
     </span>
     <span class='ocr_line' id='line_1_34' title="bbox 336 3382 1791 3462; baseline 0.003 -22"><span class='ocrx_word' id='word_1_375' title='bbox 336 3382 486 3462; x_wconf 66' lang='lat' dir='ltr'><strong>(Laterani,</strong></span> <span class='ocrx_word' id='word_1_376' title='bbox 501 3384 772 3462; x_wconf 31' lang='lat' dir='ltr'><strong>allialdebroarii.)</strong></span> <span class='ocrx_word' id='word_1_377' title='bbox 1002 3385 1103 3442; x_wconf 80' lang='lat' dir='ltr'><strong>sicaria</strong></span> <span class='ocrx_word' id='word_1_378' title='bbox 1128 3384 1227 3443; x_wconf 81' lang='lat' dir='ltr'><strong>iecerit</strong></span> <span class='ocrx_word' id='word_1_379' title='bbox 1249 3388 1425 3457; x_wconf 83' lang='lat' dir='ltr'><strong>mentionem,</strong></span> <span class='ocrx_word' id='word_1_380' title='bbox 1449 3387 1622 3444; x_wconf 89' lang='lat' dir='ltr'><strong>commodum</strong></span> <span class='ocrx_word' id='word_1_381' title='bbox 1648 3397 1791 3458; x_wconf 88' lang='lat' dir='ltr'><strong>reportare</strong></span> 
     </span>
     <span class='ocr_line' id='line_1_35' title="bbox 196 3475 1791 3550; baseline -0.001 -13"><span class='ocrx_word' id='word_1_382' title='bbox 196 3481 343 3550; x_wconf 79' lang='lat' dir='ltr'><strong>Cupientes</strong></span> <span class='ocrx_word' id='word_1_383' title='bbox 364 3484 512 3538; x_wconf 73' lang='lat' dir='ltr'><strong>smrrudum</strong></span> <span class='ocrx_word' id='word_1_384' title='bbox 534 3480 616 3537; x_wconf 90' lang='lat' dir='ltr'><strong>olllcii</strong></span> <span class='ocrx_word' id='word_1_385' title='bbox 641 3481 727 3538; x_wconf 87' lang='lat' dir='ltr'><strong>nostri</strong></span> <span class='ocrx_word' id='word_1_386' title='bbox 748 3481 869 3537; x_wconf 88' lang='lat' dir='ltr'><strong>debitum</strong></span> <span class='ocrx_word' id='word_1_387' title='bbox 893 3488 950 3535; x_wconf 90' lang='lat' dir='ltr'><strong>tam</strong></span> <span class='ocrx_word' id='word_1_388' title='bbox 1001 3494 1056 3533; x_wconf 94' lang='lat' dir='ltr'><strong>non</strong></span> <span class='ocrx_word' id='word_1_389' title='bbox 1086 3477 1167 3534; x_wconf 88' lang='lat' dir='ltr'><strong>debet</strong></span> <span class='ocrx_word' id='word_1_390' title='bbox 1186 3478 1220 3533; x_wconf 88' lang='lat' dir='ltr'><strong>rte</strong></span> <span class='ocrx_word' id='word_1_391' title='bbox 1239 3475 1393 3547; x_wconf 75' lang='lat' dir='ltr'><strong>husjusmodi</strong></span> <span class='ocrx_word' id='word_1_392' title='bbox 1417 3478 1534 3547; x_wconf 88' lang='lat' dir='ltr'><strong>litteris,</strong></span> <span class='ocrx_word' id='word_1_393' title='bbox 1559 3486 1652 3550; x_wconf 91' lang='lat' dir='ltr'><strong>utpote</strong></span> <span class='ocrx_word' id='word_1_394' title='bbox 1677 3479 1791 3536; x_wconf 85' lang='lat' dir='ltr'><strong>veritate</strong></span> 
     </span>
     <span class='ocr_line' id='line_1_36' title="bbox 161 3567 1790 3644; baseline -0.002 -16"><span class='ocrx_word' id='word_1_395' title='bbox 161 3587 338 3644; x_wconf 84' lang='lat' dir='ltr'><strong>regooqoam</strong></span> <span class='ocrx_word' id='word_1_396' title='bbox 353 3572 507 3631; x_wconf 83' lang='lat' dir='ltr'><strong>sacerdotio</strong></span> <span class='ocrx_word' id='word_1_397' title='bbox 522 3573 549 3627; x_wconf 94' lang='lat' dir='ltr'><strong>in</strong></span> <span class='ocrx_word' id='word_1_398' title='bbox 566 3571 661 3643; x_wconf 85' lang='lat' dir='ltr'><strong>llrrglia</strong></span> <span class='ocrx_word' id='word_1_399' title='bbox 678 3571 840 3643; x_wconf 83' lang='lat' dir='ltr'><strong>prouidere,</strong></span> <span class='ocrx_word' id='word_1_400' title='bbox 851 3569 950 3626; x_wconf 86' lang='lat' dir='ltr'><strong>irater·</strong></span> <span class='ocrx_word' id='word_1_401' title='bbox 1001 3569 1084 3624; x_wconf 89' lang='lat' dir='ltr'><strong>tacita</strong></span> <span class='ocrx_word' id='word_1_402' title='bbox 1100 3568 1264 3639; x_wconf 84' lang='lat' dir='ltr'><strong>impetratis.</strong></span> <span class='ocrx_word' id='word_1_403' title='bbox 1280 3567 1338 3627; x_wconf 79' lang='lat' dir='ltr'><strong>lion</strong></span> <span class='ocrx_word' id='word_1_404' title='bbox 1354 3569 1427 3626; x_wconf 88' lang='lat' dir='ltr'><strong>enlm</strong></span> <span class='ocrx_word' id='word_1_405' title='bbox 1446 3583 1541 3628; x_wconf 83' lang='lat' dir='ltr'><strong>carere</strong></span> <span class='ocrx_word' id='word_1_406' title='bbox 1557 3569 1690 3627; x_wconf 90' lang='lat' dir='ltr'><strong>benetlcio</strong></span> <span class='ocrx_word' id='word_1_407' title='bbox 1700 3570 1790 3626; x_wconf 89' lang='lat' dir='ltr'><strong>eccle·</strong></span> 
     </span>
     <span class='ocr_line' id='line_1_37' title="bbox 160 3659 1791 3736; baseline 0 -16"><span class='ocrx_word' id='word_1_408' title='bbox 160 3665 238 3720; x_wconf 87' lang='lat' dir='ltr'><strong>nitati</strong></span> <span class='ocrx_word' id='word_1_409' title='bbox 251 3673 304 3720; x_wconf 79' lang='lat' dir='ltr'><strong>tuoe</strong></span> <span class='ocrx_word' id='word_1_410' title='bbox 320 3665 492 3736; x_wconf 86' lang='lat' dir='ltr'><strong>praeseutium</strong></span> <span class='ocrx_word' id='word_1_411' title='bbox 504 3664 668 3720; x_wconf 86' lang='lat' dir='ltr'><strong>auctoritate</strong></span> <span class='ocrx_word' id='word_1_412' title='bbox 686 3664 847 3718; x_wconf 89' lang='lat' dir='ltr'><strong>mandamus</strong></span> <span class='ocrx_word' id='word_1_413' title='bbox 867 3670 950 3731; x_wconf 90' lang='lat' dir='ltr'><strong>atquo</strong></span> <span class='ocrx_word' id='word_1_414' title='bbox 999 3659 1112 3716; x_wconf 87' lang='lat' dir='ltr'><strong>siastlco</strong></span> <span class='ocrx_word' id='word_1_415' title='bbox 1135 3661 1190 3716; x_wconf 92' lang='lat' dir='ltr'><strong>dici</strong></span> <span class='ocrx_word' id='word_1_416' title='bbox 1218 3659 1300 3718; x_wconf 87' lang='lat' dir='ltr'><strong>dubet</strong></span> <span class='ocrx_word' id='word_1_417' title='bbox 1320 3663 1364 3718; x_wconf 92' lang='lat' dir='ltr'><strong>cui</strong></span> <span class='ocrx_word' id='word_1_418' title='bbox 1389 3669 1576 3734; x_wconf 75' lang='lat' dir='ltr'><strong>competenter</strong></span> <span class='ocrx_word' id='word_1_419' title='bbox 1597 3663 1631 3718; x_wconf 88' lang='lat' dir='ltr'><strong>de</strong></span> <span class='ocrx_word' id='word_1_420' title='bbox 1651 3670 1791 3734; x_wconf 80' lang='lat' dir='ltr'><strong>perpetum</strong></span> 
     </span>
     <span class='ocr_line' id='line_1_38' title="bbox 159 3748 1790 3827; baseline -0.003 -16"><span class='ocrx_word' id='word_1_421' title='bbox 159 3755 334 3827; x_wconf 68' lang='lat' dir='ltr'><strong>precipimus</strong></span> <span class='ocrx_word' id='word_1_422' title='bbox 350 3766 494 3827; x_wconf 82' lang='lat' dir='ltr'><strong>quatenus.</strong></span> <span class='ocrx_word' id='word_1_423' title='bbox 512 3769 575 3812; x_wconf 88' lang='lat' dir='ltr'><strong>cum</strong></span> <span class='ocrx_word' id='word_1_424' title='bbox 597 3755 773 3811; x_wconf 85' lang='lat' dir='ltr'><strong>clarissimus</strong></span> <span class='ocrx_word' id='word_1_425' title='bbox 787 3755 815 3810; x_wconf 91' lang='lat' dir='ltr'><strong>in</strong></span> <span class='ocrx_word' id='word_1_426' title='bbox 841 3751 949 3810; x_wconf 85' lang='lat' dir='ltr'><strong>Cirristo</strong></span> <span class='ocrx_word' id='word_1_427' title='bbox 1000 3748 1112 3806; x_wconf 78' lang='lat' dir='ltr'><strong>sicariae</strong></span> <span class='ocrx_word' id='word_1_428' title='bbox 1128 3751 1304 3820; x_wconf 78' lang='lat' dir='ltr'><strong>proventibus</strong></span> <span class='ocrx_word' id='word_1_429' title='bbox 1323 3758 1366 3808; x_wconf 88' lang='lat' dir='ltr'><strong>cst</strong></span> <span class='ocrx_word' id='word_1_430' title='bbox 1378 3753 1533 3822; x_wconf 74' lang='lat' dir='ltr'><strong>prorisnma</strong></span> <span class='ocrx_word' id='word_1_431' title='bbox 1555 3760 1582 3808; x_wconf 91' lang='lat' dir='ltr'><strong>ot</strong></span> <span class='ocrx_word' id='word_1_432' title='bbox 1607 3751 1790 3822; x_wconf 83' lang='lat' dir='ltr'><strong>prolabente</strong></span> 
     </span>
     <span class='ocr_line' id='line_1_39' title="bbox 159 3838 1790 3918; baseline -0.006 -11"><span class='ocrx_word' id='word_1_433' title='bbox 159 3847 233 3907; x_wconf 74' lang='lat' dir='ltr'><strong>libitus</strong></span> <span class='ocrx_word' id='word_1_434' title='bbox 247 3857 342 3905; x_wconf 90' lang='lat' dir='ltr'><strong>noster</strong></span> <span class='ocrx_word' id='word_1_435' title='bbox 354 3846 472 3903; x_wconf 82' lang='lat' dir='ltr'><strong>loarrnes</strong></span> <span class='ocrx_word' id='word_1_436' title='bbox 482 3845 595 3903; x_wconf 90' lang='lat' dir='ltr'><strong>illustris</strong></span> <span class='ocrx_word' id='word_1_437' title='bbox 608 3861 657 3903; x_wconf 84' lang='lat' dir='ltr'><strong>rex</strong></span> <span class='ocrx_word' id='word_1_438' title='bbox 672 3845 775 3918; x_wconf 82' lang='lat' dir='ltr'><strong>Arrgliae</strong></span> <span class='ocrx_word' id='word_1_439' title='bbox 787 3844 948 3917; x_wconf 90' lang='lat' dir='ltr'><strong>persolrerit</strong></span> <span class='ocrx_word' id='word_1_440' title='bbox 999 3839 1125 3896; x_wconf 84' lang='lat' dir='ltr'><strong>bertolloii</strong></span> <span class='ocrx_word' id='word_1_441' title='bbox 1150 3838 1308 3899; x_wconf 88' lang='lat' dir='ltr'><strong>sulilcientis</strong></span> <span class='ocrx_word' id='word_1_442' title='bbox 1334 3841 1485 3899; x_wconf 88' lang='lat' dir='ltr'><strong>subsidium</strong></span> <span class='ocrx_word' id='word_1_443' title='bbox 1510 3857 1545 3900; x_wconf 81' lang='lat' dir='ltr'><strong>ex</strong></span> <span class='ocrx_word' id='word_1_444' title='bbox 1571 3851 1647 3899; x_wconf 89' lang='lat' dir='ltr'><strong>certa</strong></span> <span class='ocrx_word' id='word_1_445' title='bbox 1675 3841 1790 3898; x_wconf 85' lang='lat' dir='ltr'><strong>scientis</strong></span> 
     </span>
     <span class='ocr_line' id='line_1_40' title="bbox 160 3919 1788 4001; baseline -0.004 -6"><span class='ocrx_word' id='word_1_446' title='bbox 160 3941 189 3995; x_wconf 90' lang='lat' dir='ltr'><strong>iu</strong></span> <span class='ocrx_word' id='word_1_447' title='bbox 200 3941 327 3996; x_wconf 89' lang='lat' dir='ltr'><strong>manibus</strong></span> <span class='ocrx_word' id='word_1_448' title='bbox 347 3940 401 3997; x_wconf 89' lang='lat' dir='ltr'><strong>tuis</strong></span> <span class='ocrx_word' id='word_1_449' title='bbox 413 3950 441 3996; x_wconf 91' lang='lat' dir='ltr'><strong>et</strong></span> <span class='ocrx_word' id='word_1_450' title='bbox 454 3937 650 3996; x_wconf 82' lang='lat' dir='ltr'><strong>uenerabilium</strong></span> <span class='ocrx_word' id='word_1_451' title='bbox 661 3919 777 3995; x_wconf 78' lang='lat' dir='ltr'><strong>lrat’rum</strong></span> <span class='ocrx_word' id='word_1_452' title='bbox 791 3945 947 3994; x_wconf 88' lang='lat' dir='ltr'><strong>uostmrom</strong></span> <span class='ocrx_word' id='word_1_453' title='bbox 999 3945 1082 4001; x_wconf 83' lang='lat' dir='ltr'><strong>super</strong></span> <span class='ocrx_word' id='word_1_454' title='bbox 1092 3933 1240 3992; x_wconf 89' lang='lat' dir='ltr'><strong>obtinendo</strong></span> <span class='ocrx_word' id='word_1_455' title='bbox 1250 3934 1304 3993; x_wconf 89' lang='lat' dir='ltr'><strong>alio</strong></span> <span class='ocrx_word' id='word_1_456' title='bbox 1316 3933 1449 3992; x_wconf 90' lang='lat' dir='ltr'><strong>benetlcio</strong></span> <span class='ocrx_word' id='word_1_457' title='bbox 1458 3935 1493 3991; x_wconf 88' lang='lat' dir='ltr'><strong>do</strong></span> <span class='ocrx_word' id='word_1_458' title='bbox 1504 3934 1557 3992; x_wconf 85' lang='lat' dir='ltr'><strong>leri</strong></span> <span class='ocrx_word' id='word_1_459' title='bbox 1567 3949 1622 3992; x_wconf 90' lang='lat' dir='ltr'><strong>non</strong></span> <span class='ocrx_word' id='word_1_460' title='bbox 1632 3935 1788 3999; x_wconf 83' lang='lat' dir='ltr'><strong>scribimus,</strong></span> 
     </span>
     <span class='ocr_line' id='line_1_41' title="bbox 159 4024 1790 4102; baseline -0.007 -12"><span class='ocrx_word' id='word_1_461' title='bbox 159 4031 364 4090; x_wconf 83' lang='lat' dir='ltr'><strong>Cantuariensis</strong></span> <span class='ocrx_word' id='word_1_462' title='bbox 386 4030 585 4102; x_wconf 78' lang='lat' dir='ltr'><strong>archiepiscopi</strong></span> <span class='ocrx_word' id='word_1_463' title='bbox 607 4029 638 4086; x_wconf 89' lang='lat' dir='ltr'><strong>S.</strong></span> <span class='ocrx_word' id='word_1_464' title='bbox 657 4029 691 4085; x_wconf 83' lang='lat' dir='ltr'><strong>R.</strong></span> <span class='ocrx_word' id='word_1_465' title='bbox 708 4028 740 4088; x_wconf 81' lang='lat' dir='ltr'><strong>E.</strong></span> <span class='ocrx_word' id='word_1_466' title='bbox 758 4029 904 4086; x_wconf 72' lang='lat' dir='ltr'><strong>cardinalis</strong></span> <span class='ocrx_word' id='word_1_467' title='bbox 915 4043 949 4085; x_wconf 92' lang='lat' dir='ltr'><strong>ac</strong></span> <span class='ocrx_word' id='word_1_468' title='bbox 1000 4024 1065 4095; x_wconf 90' lang='lat' dir='ltr'><strong>quin</strong></span> <span class='ocrx_word' id='word_1_469' title='bbox 1081 4024 1214 4083; x_wconf 83' lang='lat' dir='ltr'><strong>iaciamus</strong></span> <span class='ocrx_word' id='word_1_470' title='bbox 1230 4025 1265 4082; x_wconf 90' lang='lat' dir='ltr'><strong>de</strong></span> <span class='ocrx_word' id='word_1_471' title='bbox 1279 4027 1367 4098; x_wconf 90' lang='lat' dir='ltr'><strong>primo</strong></span> <span class='ocrx_word' id='word_1_472' title='bbox 1385 4027 1412 4082; x_wconf 91' lang='lat' dir='ltr'><strong>in</strong></span> <span class='ocrx_word' id='word_1_473' title='bbox 1427 4027 1531 4084; x_wconf 89' lang='lat' dir='ltr'><strong>nostris</strong></span> <span class='ocrx_word' id='word_1_474' title='bbox 1546 4025 1647 4082; x_wconf 86' lang='lat' dir='ltr'><strong>litteris</strong></span> <span class='ocrx_word' id='word_1_475' title='bbox 1672 4025 1790 4080; x_wconf 81' lang='lat' dir='ltr'><strong>meursio-</strong></span> 
     </span>
     <span class='ocr_line' id='line_1_42' title="bbox 158 4116 1787 4194; baseline -0.004 -13"><span class='ocrx_word' id='word_1_476' title='bbox 158 4121 279 4194; x_wconf 86' lang='lat' dir='ltr'><strong>episcupi</strong></span> <span class='ocrx_word' id='word_1_477' title='bbox 299 4120 418 4179; x_wconf 80' lang='lat' dir='ltr'><strong>Eliensis</strong></span> <span class='ocrx_word' id='word_1_478' title='bbox 443 4136 496 4178; x_wconf 89' lang='lat' dir='ltr'><strong>nec</strong></span> <span class='ocrx_word' id='word_1_479' title='bbox 518 4137 572 4178; x_wconf 92' lang='lat' dir='ltr'><strong>non</strong></span> <span class='ocrx_word' id='word_1_480' title='bbox 601 4119 694 4178; x_wconf 88' lang='lat' dir='ltr'><strong>dilecti</strong></span> <span class='ocrx_word' id='word_1_481' title='bbox 722 4121 774 4178; x_wconf 91' lang='lat' dir='ltr'><strong>lllii</strong></span> <span class='ocrx_word' id='word_1_482' title='bbox 797 4121 947 4192; x_wconf 82' lang='lat' dir='ltr'><strong>randolphi</strong></span> <span class='ocrx_word' id='word_1_483' title='bbox 998 4131 1073 4172; x_wconf 81' lang='lat' dir='ltr'><strong>nent.</strong></span> <span class='ocrx_word' id='word_1_484' title='bbox 1099 4116 1140 4173; x_wconf 86' lang='grc' dir='ltr'><strong>Τιι</strong></span> <span class='ocrx_word' id='word_1_485' title='bbox 1158 4117 1286 4191; x_wconf 88' lang='lat' dir='ltr'><strong>denique,</strong></span> <span class='ocrx_word' id='word_1_486' title='bbox 1302 4118 1389 4176; x_wconf 86' lang='lat' dir='ltr'><strong>trater</strong></span> <span class='ocrx_word' id='word_1_487' title='bbox 1411 4121 1657 4194; x_wconf 88' lang='lat' dir='ltr'><strong>episcopc,supcr</strong></span> <span class='ocrx_word' id='word_1_488' title='bbox 1676 4126 1703 4174; x_wconf 85' lang='lat' dir='ltr'><strong>te</strong></span> <span class='ocrx_word' id='word_1_489' title='bbox 1717 4117 1787 4187; x_wconf 83' lang='lat' dir='ltr'><strong>ipso.</strong></span> 
     </span>
     <span class='ocr_line' id='line_1_43' title="bbox 158 4213 1052 4272; baseline 0.001 -2"><span class='ocrx_word' id='word_1_490' title='bbox 158 4213 322 4272; x_wconf 83' lang='lat' dir='ltr'><strong>subdiaconi</strong></span> <span class='ocrx_word' id='word_1_491' title='bbox 345 4213 433 4272; x_wconf 90' lang='lat' dir='ltr'><strong>nostri</strong></span> <span class='ocrx_word' id='word_1_492' title='bbox 461 4225 573 4272; x_wconf 87' lang='lat' dir='ltr'><strong>eentum</strong></span> <span class='ocrx_word' id='word_1_493' title='bbox 602 4213 687 4270; x_wconf 84' lang='lat' dir='ltr'><strong>millia</strong></span> <span class='ocrx_word' id='word_1_494' title='bbox 714 4214 887 4272; x_wconf 82' lang='lat' dir='ltr'><strong>marchamm</strong></span> <span class='ocrx_word' id='word_1_495' title='bbox 901 4230 947 4271; x_wconf 86' lang='lat' dir='ltr'><strong>ar·</strong></span> <span class='ocrx_word' id='word_1_496' title='bbox 997 4221 1052 4271; x_wconf 88' lang='lat' dir='ltr'><strong>etc.</strong></span> 
     </span>
     <span class='ocr_line' id='line_1_44' title="bbox 158 4301 1788 4380; baseline -0.002 -18"><span class='ocrx_word' id='word_1_497' title='bbox 158 4306 280 4380; x_wconf 90' lang='lat' dir='ltr'><strong>gemlad</strong></span> <span class='ocrx_word' id='word_1_498' title='bbox 297 4305 718 4377; x_wconf 87' lang='lat' dir='ltr'><strong>opuseoromqniboslacienda</strong></span> <span class='ocrx_word' id='word_1_499' title='bbox 742 4313 786 4364; x_wconf 87' lang='lat' dir='ltr'><strong>est</strong></span> <span class='ocrx_word' id='word_1_500' title='bbox 810 4305 947 4363; x_wconf 84' lang='lat' dir='ltr'><strong>restitutio</strong></span> <span class='ocrx_word' id='word_1_501' title='bbox 1034 4302 1130 4358; x_wconf 85' lang='lat' dir='ltr'><strong>ilatum</strong></span> <span class='ocrx_word' id='word_1_502' title='bbox 1158 4301 1297 4372; x_wconf 81' lang='lat' dir='ltr'><strong>Laterani,</strong></span> <span class='ocrx_word' id='word_1_503' title='bbox 1324 4319 1352 4360; x_wconf 87' lang='lat' dir='ltr'><strong>rr</strong></span> <span class='ocrx_word' id='word_1_504' title='bbox 1372 4304 1435 4362; x_wconf 90' lang='lat' dir='ltr'><strong>ldus</strong></span> <span class='ocrx_word' id='word_1_505' title='bbox 1456 4302 1590 4374; x_wconf 77' lang='lat' dir='ltr'><strong>ianuarii,</strong></span> <span class='ocrx_word' id='word_1_506' title='bbox 1613 4301 1788 4376; x_wconf 87' lang='lat' dir='ltr'><strong>pontilicatus</strong></span> 
     </span>
     <span class='ocr_line' id='line_1_45' title="bbox 158 4394 1395 4467; baseline -0.002 -15"><span class='ocrx_word' id='word_1_507' title='bbox 158 4394 324 4463; x_wconf 86' lang='lat' dir='ltr'><strong>ablatorum,</strong></span> <span class='ocrx_word' id='word_1_508' title='bbox 347 4395 511 4465; x_wconf 89' lang='lat' dir='ltr'><strong>computatis</strong></span> <span class='ocrx_word' id='word_1_509' title='bbox 533 4395 567 4451; x_wconf 90' lang='lat' dir='ltr'><strong>iis</strong></span> <span class='ocrx_word' id='word_1_510' title='bbox 599 4410 660 4467; x_wconf 75' lang='lat' dir='ltr'><strong>quaa</strong></span> <span class='ocrx_word' id='word_1_511' title='bbox 684 4397 743 4466; x_wconf 86' lang='lat' dir='ltr'><strong>ipse</strong></span> <span class='ocrx_word' id='word_1_512' title='bbox 764 4394 821 4464; x_wconf 81' lang='lat' dir='ltr'><strong>iam</strong></span> <span class='ocrx_word' id='word_1_513' title='bbox 834 4395 947 4450; x_wconf 91' lang='lat' dir='ltr'><strong>tradidit</strong></span> <span class='ocrx_word' id='word_1_514' title='bbox 998 4396 1083 4452; x_wconf 91' lang='lat' dir='ltr'><strong>nostri</strong></span> <span class='ocrx_word' id='word_1_515' title='bbox 1098 4403 1262 4454; x_wconf 85' lang='lat' dir='ltr'><strong>annosexto</strong></span> <span class='ocrx_word' id='word_1_516' title='bbox 1280 4395 1395 4454; x_wconf 87' lang='lat' dir='ltr'><strong>decimo.</strong></span> 
     </span>
     <span class='ocr_line' id='line_1_46' title="bbox 158 4479 1435 4565; baseline 0.001 -17"><span class='ocrx_word' id='word_1_517' title='bbox 158 4490 274 4565; x_wconf 75' lang='lat' dir='ltr'><strong>prelato</strong></span> <span class='ocrx_word' id='word_1_518' title='bbox 301 4490 508 4560; x_wconf 86' lang='lat' dir='ltr'><strong>archiepiscopo</strong></span> <span class='ocrx_word' id='word_1_519' title='bbox 532 4498 561 4546; x_wconf 89' lang='lat' dir='ltr'><strong>et</strong></span> <span class='ocrx_word' id='word_1_520' title='bbox 588 4489 724 4559; x_wconf 88' lang='lat' dir='ltr'><strong>episcopis</strong></span> <span class='ocrx_word' id='word_1_521' title='bbox 748 4496 795 4543; x_wconf 90' lang='lat' dir='ltr'><strong>aut</strong></span> <span class='ocrx_word' id='word_1_522' title='bbox 816 4488 877 4546; x_wconf 91' lang='lat' dir='ltr'><strong>aliis</strong></span> <span class='ocrx_word' id='word_1_523' title='bbox 893 4479 984 4545; x_wconf 78' lang='lat' dir='ltr'><strong>ltocD</strong></span> <span class='ocrx_word' id='word_1_524' title='bbox 1322 4488 1435 4549; x_wconf 76' lang='lat' dir='ltr'><strong>clxvi.</strong></span> 
     </span>
     <span class='ocr_line' id='line_1_47' title="bbox 157 4567 1433 4654; baseline 0.001 -15"><span class='ocrx_word' id='word_1_525' title='bbox 157 4567 297 4654; x_wconf 76' lang='lat' dir='ltr'><strong>nogotium</strong></span> <span class='ocrx_word' id='word_1_526' title='bbox 308 4581 529 4652; x_wconf 91' lang='lat' dir='ltr'><strong>contingentibus</strong></span> <span class='ocrx_word' id='word_1_527' title='bbox 542 4580 576 4637; x_wconf 89' lang='lat' dir='ltr'><strong>de</strong></span> <span class='ocrx_word' id='word_1_528' title='bbox 590 4579 712 4650; x_wconf 89' lang='lat' dir='ltr'><strong>ipsorum</strong></span> <span class='ocrx_word' id='word_1_529' title='bbox 722 4578 890 4636; x_wconf 87' lang='lat' dir='ltr'><strong>conscientia</strong></span> <span class='ocrx_word' id='word_1_530' title='bbox 901 4579 946 4636; x_wconf 85' lang='lat' dir='ltr'><strong>rol</strong></span> <span class='ocrx_word' id='word_1_531' title='bbox 1341 4597 1433 4642; x_wconf 80' lang='lat' dir='ltr'><strong>sonsa.</strong></span> 
     </span>
     <span class='ocr_line' id='line_1_48' title="bbox 159 4671 1748 4747; baseline -0.001 -17"><span class='ocrx_word' id='word_1_532' title='bbox 159 4675 301 4741; x_wconf 87' lang='lat' dir='ltr'><strong>rnaudato,</strong></span> <span class='ocrx_word' id='word_1_533' title='bbox 323 4676 362 4731; x_wconf 89' lang='lat' dir='ltr'><strong>ita</strong></span> <span class='ocrx_word' id='word_1_534' title='bbox 376 4675 448 4744; x_wconf 92' lang='lat' dir='ltr'><strong>quod</strong></span> <span class='ocrx_word' id='word_1_535' title='bbox 462 4673 486 4730; x_wconf 92' lang='lat' dir='ltr'><strong>si</strong></span> <span class='ocrx_word' id='word_1_536' title='bbox 505 4672 577 4728; x_wconf 86' lang='lat' dir='ltr'><strong>lacta</strong></span> <span class='ocrx_word' id='word_1_537' title='bbox 598 4671 775 4742; x_wconf 78' lang='lat' dir='ltr'><strong>inquisitione</strong></span> <span class='ocrx_word' id='word_1_538' title='bbox 794 4671 945 4730; x_wconf 90' lang='lat' dir='ltr'><strong>constiterit</strong></span> <span class='ocrx_word' id='word_1_539' title='bbox 1028 4674 1116 4732; x_wconf 81' lang='lat' dir='ltr'><strong>Sectis</strong></span> <span class='ocrx_word' id='word_1_540' title='bbox 1127 4675 1328 4746; x_wconf 77' lang='lat' dir='ltr'><strong>praebendarum</strong></span> <span class='ocrx_word' id='word_1_541' title='bbox 1340 4675 1748 4747; x_wconf 82' lang='lat' dir='ltr'><strong>quomodointelligaturuetita.</strong></span> 
     </span>
     <span class='ocr_line' id='line_1_49' title="bbox 158 4762 1538 4839; baseline 0 -18"><span class='ocrx_word' id='word_1_542' title='bbox 158 4766 221 4839; x_wconf 92' lang='lat' dir='ltr'><strong>plus</strong></span> <span class='ocrx_word' id='word_1_543' title='bbox 246 4765 378 4830; x_wconf 86' lang='lat' dir='ltr'><strong>ablatum,</strong></span> <span class='ocrx_word' id='word_1_544' title='bbox 396 4762 554 4836; x_wconf 88' lang='lat' dir='ltr'><strong>suppleatur</strong></span> <span class='ocrx_word' id='word_1_545' title='bbox 574 4763 611 4820; x_wconf 83' lang='lat' dir='ltr'><strong>ab</strong></span> <span class='ocrx_word' id='word_1_546' title='bbox 633 4763 703 4836; x_wconf 87' lang='lat' dir='ltr'><strong>ipso,</strong></span> <span class='ocrx_word' id='word_1_547' title='bbox 722 4765 746 4823; x_wconf 90' lang='lat' dir='ltr'><strong>si</strong></span> <span class='ocrx_word' id='word_1_548' title='bbox 760 4779 825 4821; x_wconf 84' lang='lat' dir='ltr'><strong>sero</strong></span> <span class='ocrx_word' id='word_1_549' title='bbox 845 4765 945 4830; x_wconf 90' lang='lat' dir='ltr'><strong>mlnus,</strong></span> <span class='ocrx_word' id='word_1_550' title='bbox 1256 4768 1377 4839; x_wconf 82' lang='lat' dir='ltr'><strong>(datum,</strong></span> <span class='ocrx_word' id='word_1_551' title='bbox 1393 4766 1538 4837; x_wconf 82' lang='lat' dir='ltr'><strong>strupra.)</strong></span> 
     </span>
     <span class='ocr_line' id='line_1_50' title="bbox 160 4854 1783 4934; baseline 0.002 -22"><span class='ocrx_word' id='word_1_552' title='bbox 160 4855 323 4913; x_wconf 90' lang='lat' dir='ltr'><strong>reluodator</strong></span> <span class='ocrx_word' id='word_1_553' title='bbox 338 4855 442 4920; x_wconf 82' lang='lat' dir='ltr'><strong>sideru,</strong></span> <span class='ocrx_word' id='word_1_554' title='bbox 458 4863 487 4910; x_wconf 92' lang='grc' dir='ltr'><strong>ιιι</strong></span> <span class='ocrx_word' id='word_1_555' title='bbox 499 4855 619 4926; x_wconf 87' lang='lat' dir='ltr'><strong>receptis</strong></span> <span class='ocrx_word' id='word_1_556' title='bbox 633 4854 693 4924; x_wconf 87' lang='lat' dir='ltr'><strong>ejus</strong></span> <span class='ocrx_word' id='word_1_557' title='bbox 706 4855 862 4925; x_wconf 90' lang='lat' dir='ltr'><strong>patentibus</strong></span> <span class='ocrx_word' id='word_1_558' title='bbox 876 4855 947 4911; x_wconf 90' lang='lat' dir='ltr'><strong>litte·</strong></span> <span class='ocrx_word' id='word_1_559' title='bbox 1032 4859 1108 4934; x_wconf 74' lang='grc'><strong>(999)</strong></span> <span class='ocrx_word' id='word_1_560' title='bbox 1121 4860 1241 4917; x_wconf 82' lang='lat' dir='ltr'><strong>Vacante</strong></span> <span class='ocrx_word' id='word_1_561' title='bbox 1252 4859 1370 4931; x_wconf 86' lang='lat' dir='ltr'><strong>quadarn</strong></span> <span class='ocrx_word' id='word_1_562' title='bbox 1384 4859 1411 4916; x_wconf 91' lang='lat' dir='ltr'><strong>iu</strong></span> <span class='ocrx_word' id='word_1_563' title='bbox 1427 4859 1549 4916; x_wconf 78' lang='lat' dir='ltr'><strong>Ecclesia</strong></span> <span class='ocrx_word' id='word_1_564' title='bbox 1569 4867 1615 4915; x_wconf 90' lang='lat' dir='ltr'><strong>tna</strong></span> <span class='ocrx_word' id='word_1_565' title='bbox 1628 4860 1783 4932; x_wconf 76' lang='lat' dir='ltr'><strong>prebenda,</strong></span> 
     </span>
     <span class='ocr_line' id='line_1_51' title="bbox 157 4947 1784 5020; baseline 0.001 -17"><span class='ocrx_word' id='word_1_566' title='bbox 157 4948 198 5004; x_wconf 91' lang='lat' dir='ltr'><strong>ris</strong></span> <span class='ocrx_word' id='word_1_567' title='bbox 208 4961 259 5004; x_wconf 87' lang='lat' dir='ltr'><strong>sno</strong></span> <span class='ocrx_word' id='word_1_568' title='bbox 271 4947 362 5018; x_wconf 91' lang='lat' dir='ltr'><strong>sigillo</strong></span> <span class='ocrx_word' id='word_1_569' title='bbox 372 4947 504 5014; x_wconf 86' lang='lat' dir='ltr'><strong>murritis,</strong></span> <span class='ocrx_word' id='word_1_570' title='bbox 519 4947 619 5018; x_wconf 90' lang='lat' dir='ltr'><strong>quibos</strong></span> <span class='ocrx_word' id='word_1_571' title='bbox 629 4962 659 5004; x_wconf 90' lang='lat' dir='ltr'><strong>se</strong></span> <span class='ocrx_word' id='word_1_572' title='bbox 672 4948 831 5019; x_wconf 86' lang='lat' dir='ltr'><strong>pmllteator</strong></span> <span class='ocrx_word' id='word_1_573' title='bbox 845 4949 879 5003; x_wconf 93' lang='lat' dir='ltr'><strong>ad</strong></span> <span class='ocrx_word' id='word_1_574' title='bbox 893 4947 947 5004; x_wconf 89' lang='lat' dir='ltr'><strong>boc</strong></span> <span class='ocrx_word' id='word_1_575' title='bbox 996 4953 1063 5007; x_wconf 78' lang='lat' dir='ltr'><strong>clears</strong></span> <span class='ocrx_word' id='word_1_576' title='bbox 1072 4966 1106 5009; x_wconf 83' lang='lat' dir='ltr'><strong>ea</strong></span> <span class='ocrx_word' id='word_1_577' title='bbox 1122 4967 1153 5006; x_wconf 90' lang='lat' dir='ltr'><strong>ea</strong></span> <span class='ocrx_word' id='word_1_578' title='bbox 1165 4950 1344 5018; x_wconf 85' lang='lat' dir='ltr'><strong>constituens,</strong></span> <span class='ocrx_word' id='word_1_579' title='bbox 1358 4951 1393 5006; x_wconf 91' lang='lat' dir='ltr'><strong>ad</strong></span> <span class='ocrx_word' id='word_1_580' title='bbox 1406 4951 1467 5007; x_wconf 90' lang='lat' dir='ltr'><strong>illas</strong></span> <span class='ocrx_word' id='word_1_581' title='bbox 1489 4951 1522 5007; x_wconf 91' lang='lat' dir='ltr'><strong>dc</strong></span> <span class='ocrx_word' id='word_1_582' title='bbox 1535 4963 1649 5008; x_wconf 86' lang='lat' dir='ltr'><strong>assensu</strong></span> <span class='ocrx_word' id='word_1_583' title='bbox 1671 4949 1784 5020; x_wconf 90' lang='lat' dir='ltr'><strong>capituli</strong></span> 
     </span>
     <span class='ocr_line' id='line_1_52' title="bbox 155 5037 1784 5113; baseline 0.002 -19"><span class='ocrx_word' id='word_1_584' title='bbox 155 5039 240 5095; x_wconf 88' lang='lat' dir='ltr'><strong>etiam</strong></span> <span class='ocrx_word' id='word_1_585' title='bbox 254 5039 326 5095; x_wconf 91' lang='lat' dir='ltr'><strong>inter</strong></span> <span class='ocrx_word' id='word_1_586' title='bbox 337 5037 392 5094; x_wconf 87' lang='lat' dir='ltr'><strong>alis</strong></span> <span class='ocrx_word' id='word_1_587' title='bbox 412 5052 446 5092; x_wconf 84' lang='lat' dir='ltr'><strong>ex</strong></span> <span class='ocrx_word' id='word_1_588' title='bbox 461 5038 584 5108; x_wconf 83' lang='lat' dir='ltr'><strong>praestito</strong></span> <span class='ocrx_word' id='word_1_589' title='bbox 595 5037 701 5108; x_wconf 88' lang='lat' dir='ltr'><strong>pridem</strong></span> <span class='ocrx_word' id='word_1_590' title='bbox 713 5038 794 5094; x_wconf 91' lang='lat' dir='ltr'><strong>nobis</strong></span> <span class='ocrx_word' id='word_1_591' title='bbox 806 5038 946 5110; x_wconf 80' lang='lat' dir='ltr'><strong>juramen·</strong></span> <span class='ocrx_word' id='word_1_592' title='bbox 997 5041 1035 5098; x_wconf 89' lang='lat' dir='ltr'><strong>tui</strong></span> <span class='ocrx_word' id='word_1_593' title='bbox 1062 5042 1129 5098; x_wconf 89' lang='lat' dir='ltr'><strong>duos</strong></span> <span class='ocrx_word' id='word_1_594' title='bbox 1152 5041 1300 5098; x_wconf 90' lang='lat' dir='ltr'><strong>canonicos</strong></span> <span class='ocrx_word' id='word_1_595' title='bbox 1329 5041 1502 5113; x_wconf 86' lang='lat' dir='ltr'><strong>assumpsisti</strong></span> <span class='ocrx_word' id='word_1_596' title='bbox 1525 5059 1532 5097; x_wconf 86' lang='lat' dir='ltr'><strong>a</strong></span> <span class='ocrx_word' id='word_1_597' title='bbox 1556 5056 1673 5112; x_wconf 91' lang='lat' dir='ltr'><strong>quorum</strong></span> <span class='ocrx_word' id='word_1_598' title='bbox 1697 5042 1784 5098; x_wconf 86' lang='lat' dir='ltr'><strong>altero</strong></span> 
     </span>
     <span class='ocr_line' id='line_1_53' title="bbox 157 5130 1784 5204; baseline 0.001 -17"><span class='ocrx_word' id='word_1_599' title='bbox 157 5143 186 5189; x_wconf 95' lang='lat' dir='ltr'><strong>to</strong></span> <span class='ocrx_word' id='word_1_600' title='bbox 203 5133 291 5188; x_wconf 74' lang='lat' dir='ltr'><strong>moeri</strong></span> <span class='ocrx_word' id='word_1_601' title='bbox 309 5131 382 5201; x_wconf 89' lang='lat' dir='ltr'><strong>quod</strong></span> <span class='ocrx_word' id='word_1_602' title='bbox 396 5139 452 5186; x_wconf 86' lang='lat' dir='ltr'><strong>tarn</strong></span> <span class='ocrx_word' id='word_1_603' title='bbox 466 5145 548 5202; x_wconf 86' lang='lat' dir='ltr'><strong>super</strong></span> <span class='ocrx_word' id='word_1_604' title='bbox 563 5130 738 5187; x_wconf 88' lang='lat' dir='ltr'><strong>restituendis</strong></span> <span class='ocrx_word' id='word_1_605' title='bbox 750 5133 849 5189; x_wconf 91' lang='lat' dir='ltr'><strong>ablatis</strong></span> <span class='ocrx_word' id='word_1_606' title='bbox 861 5145 944 5201; x_wconf 86' lang='lat' dir='ltr'><strong>qoam</strong></span> <span class='ocrx_word' id='word_1_607' title='bbox 995 5132 1067 5204; x_wconf 90' lang='lat' dir='ltr'><strong>apud</strong></span> <span class='ocrx_word' id='word_1_608' title='bbox 1086 5131 1178 5188; x_wconf 89' lang='lat' dir='ltr'><strong>sedem</strong></span> <span class='ocrx_word' id='word_1_609' title='bbox 1202 5133 1380 5204; x_wconf 87' lang='lat' dir='ltr'><strong>apostolicam</strong></span> <span class='ocrx_word' id='word_1_610' title='bbox 1401 5135 1472 5190; x_wconf 86' lang='lat' dir='ltr'><strong>uiam</strong></span> <span class='ocrx_word' id='word_1_611' title='bbox 1489 5131 1622 5190; x_wconf 74' lang='lat' dir='ltr'><strong>uniuersae</strong></span> <span class='ocrx_word' id='word_1_612' title='bbox 1635 5133 1727 5190; x_wconf 89' lang='lat' dir='ltr'><strong>carnis</strong></span> <span class='ocrx_word' id='word_1_613' title='bbox 1741 5133 1784 5188; x_wconf 90' lang='lat' dir='ltr'><strong>in·</strong></span> 
     </span>
     <span class='ocr_line' id='line_1_54' title="bbox 156 5221 1783 5295; baseline 0.002 -18"><span class='ocrx_word' id='word_1_614' title='bbox 156 5236 243 5292; x_wconf 91' lang='lat' dir='ltr'><strong>super</strong></span> <span class='ocrx_word' id='word_1_615' title='bbox 276 5223 516 5292; x_wconf 88' lang='lat' dir='ltr'><strong>recompensandis</strong></span> <span class='ocrx_word' id='word_1_616' title='bbox 543 5221 651 5278; x_wconf 93' lang='lat' dir='ltr'><strong>damnis</strong></span> <span class='ocrx_word' id='word_1_617' title='bbox 682 5221 817 5280; x_wconf 87' lang='lat' dir='ltr'><strong>mandatis</strong></span> <span class='ocrx_word' id='word_1_618' title='bbox 844 5222 947 5280; x_wconf 88' lang='lat' dir='ltr'><strong>nostris</strong></span> <span class='ocrx_word' id='word_1_619' title='bbox 995 5239 1100 5295; x_wconf 82' lang='lat' dir='ltr'><strong>gresso,</strong></span> <span class='ocrx_word' id='word_1_620' title='bbox 1111 5223 1283 5295; x_wconf 83' lang='lat' dir='ltr'><strong>prebendam</strong></span> <span class='ocrx_word' id='word_1_621' title='bbox 1295 5238 1379 5295; x_wconf 89' lang='lat' dir='ltr'><strong>qoam</strong></span> <span class='ocrx_word' id='word_1_622' title='bbox 1392 5223 1537 5282; x_wconf 87' lang='lat' dir='ltr'><strong>deiunctus</strong></span> <span class='ocrx_word' id='word_1_623' title='bbox 1550 5225 1703 5291; x_wconf 85' lang='lat' dir='ltr'><strong>babuerat,</strong></span> <span class='ocrx_word' id='word_1_624' title='bbox 1720 5223 1783 5295; x_wconf 92' lang='lat' dir='ltr'><strong>qui·</strong></span> 
     </span>
     <span class='ocr_line' id='line_1_55' title="bbox 156 5313 1784 5389; baseline 0.001 -20"><span class='ocrx_word' id='word_1_625' title='bbox 156 5317 262 5384; x_wconf 80' lang='lat' dir='ltr'><strong>absque</strong></span> <span class='ocrx_word' id='word_1_626' title='bbox 276 5314 464 5387; x_wconf 70' lang='lat' dir='ltr'><strong>refragatione</strong></span> <span class='ocrx_word' id='word_1_627' title='bbox 481 5313 606 5387; x_wconf 88' lang='lat' dir='ltr'><strong>parebit,</strong></span> <span class='ocrx_word' id='word_1_628' title='bbox 622 5314 728 5373; x_wconf 83' lang='lat' dir='ltr'><strong>relaxes</strong></span> <span class='ocrx_word' id='word_1_629' title='bbox 738 5316 863 5389; x_wconf 92' lang='lat' dir='ltr'><strong>protinus</strong></span> <span class='ocrx_word' id='word_1_630' title='bbox 882 5331 945 5373; x_wconf 89' lang='lat' dir='ltr'><strong>sen·</strong></span> <span class='ocrx_word' id='word_1_631' title='bbox 995 5323 1058 5370; x_wconf 79' lang='lat' dir='ltr'><strong>ctam</strong></span> <span class='ocrx_word' id='word_1_632' title='bbox 1077 5313 1193 5372; x_wconf 91' lang='lat' dir='ltr'><strong>clericus</strong></span> <span class='ocrx_word' id='word_1_633' title='bbox 1216 5313 1375 5388; x_wconf 82' lang='lat' dir='ltr'><strong>llippolytos</strong></span> <span class='ocrx_word' id='word_1_634' title='bbox 1403 5317 1516 5374; x_wconf 90' lang='lat' dir='ltr'><strong>nomine</strong></span> <span class='ocrx_word' id='word_1_635' title='bbox 1541 5317 1594 5374; x_wconf 90' lang='lat' dir='ltr'><strong>luit</strong></span> <span class='ocrx_word' id='word_1_636' title='bbox 1619 5316 1784 5374; x_wconf 88' lang='lat' dir='ltr'><strong>auctoritate</strong></span> 
     </span>
     <span class='ocr_line' id='line_1_56' title="bbox 157 5405 1782 5480; baseline -0.001 -18"><span class='ocrx_word' id='word_1_637' title='bbox 157 5405 272 5465; x_wconf 89' lang='lat' dir='ltr'><strong>tentiam</strong></span> <span class='ocrx_word' id='word_1_638' title='bbox 288 5407 444 5472; x_wconf 88' lang='lat' dir='ltr'><strong>interdicti.</strong></span> <span class='ocrx_word' id='word_1_639' title='bbox 463 5416 581 5479; x_wconf 89' lang='lat' dir='ltr'><strong>etsupcr</strong></span> <span class='ocrx_word' id='word_1_640' title='bbox 592 5408 716 5478; x_wconf 89' lang='lat' dir='ltr'><strong>utrisque</strong></span> <span class='ocrx_word' id='word_1_641' title='bbox 738 5409 943 5480; x_wconf 90' lang='lat' dir='ltr'><strong>inquisitionem</strong></span> <span class='ocrx_word' id='word_1_642' title='bbox 995 5409 1068 5463; x_wconf 88' lang='lat' dir='ltr'><strong>sedis</strong></span> <span class='ocrx_word' id='word_1_643' title='bbox 1089 5407 1243 5478; x_wconf 80' lang='lat' dir='ltr'><strong>apostolice</strong></span> <span class='ocrx_word' id='word_1_644' title='bbox 1263 5417 1416 5467; x_wconf 86' lang='lat' dir='ltr'><strong>assecutos.</strong></span> <span class='ocrx_word' id='word_1_645' title='bbox 1432 5409 1534 5468; x_wconf 85' lang='lat' dir='ltr'><strong>ilerum</strong></span> <span class='ocrx_word' id='word_1_646' title='bbox 1550 5425 1611 5467; x_wconf 88' lang='lat' dir='ltr'><strong>cum</strong></span> <span class='ocrx_word' id='word_1_647' title='bbox 1626 5411 1698 5466; x_wconf 90' lang='lat' dir='ltr'><strong>idem</strong></span> <span class='ocrx_word' id='word_1_648' title='bbox 1714 5407 1782 5478; x_wconf 86' lang='lat' dir='ltr'><strong>ilip-</strong></span> 
     </span>
     <span class='ocr_line' id='line_1_57' title="bbox 158 5497 1784 5577; baseline 0.003 -24"><span class='ocrx_word' id='word_1_649' title='bbox 158 5497 216 5556; x_wconf 82' lang='lat' dir='ltr'><strong>dcri</strong></span> <span class='ocrx_word' id='word_1_650' title='bbox 238 5497 323 5556; x_wconf 86' lang='lat' dir='ltr'><strong>iacias</strong></span> <span class='ocrx_word' id='word_1_651' title='bbox 346 5499 514 5568; x_wconf 70' lang='lat' dir='ltr'><strong>diligentem,</strong></span> <span class='ocrx_word' id='word_1_652' title='bbox 537 5513 619 5571; x_wconf 88' lang='lat' dir='ltr'><strong>qoam</strong></span> <span class='ocrx_word' id='word_1_653' title='bbox 647 5501 726 5557; x_wconf 92' lang='lat' dir='ltr'><strong>nobis</strong></span> <span class='ocrx_word' id='word_1_654' title='bbox 751 5501 861 5558; x_wconf 89' lang='lat' dir='ltr'><strong>mittere</strong></span> <span class='ocrx_word' id='word_1_655' title='bbox 888 5515 954 5557; x_wconf 88' lang='lat' dir='ltr'><strong>non</strong></span> <span class='ocrx_word' id='word_1_656' title='bbox 995 5504 1140 5577; x_wconf 77' lang='lat' dir='ltr'><strong>polytuste</strong></span> <span class='ocrx_word' id='word_1_657' title='bbox 1163 5520 1245 5573; x_wconf 88' lang='lat' dir='ltr'><strong>super</strong></span> <span class='ocrx_word' id='word_1_658' title='bbox 1269 5505 1449 5576; x_wconf 87' lang='lat' dir='ltr'><strong>integratione</strong></span> <span class='ocrx_word' id='word_1_659' title='bbox 1463 5503 1613 5574; x_wconf 77' lang='lat' dir='ltr'><strong>prebendas</strong></span> <span class='ocrx_word' id='word_1_660' title='bbox 1630 5518 1680 5574; x_wconf 83' lang='lat' dir='ltr'><strong>por</strong></span> <span class='ocrx_word' id='word_1_661' title='bbox 1704 5518 1784 5574; x_wconf 86' lang='lat' dir='ltr'><strong>quas-</strong></span> 
     </span>
     <span class='ocr_line' id='line_1_58' title="bbox 155 5591 1782 5671; baseline 0.007 -28"><span class='ocrx_word' id='word_1_662' title='bbox 155 5596 321 5659; x_wconf 82' lang='lat' dir='ltr'><strong>postponas,</strong></span> <span class='ocrx_word' id='word_1_663' title='bbox 355 5598 533 5659; x_wconf 74' lang='lat' dir='ltr'><strong>pretaxatam</strong></span> <span class='ocrx_word' id='word_1_664' title='bbox 555 5605 622 5648; x_wconf 84' lang='lat' dir='ltr'><strong>rero</strong></span> <span class='ocrx_word' id='word_1_665' title='bbox 647 5591 791 5664; x_wconf 88' lang='lat' dir='ltr'><strong>pecuniam</strong></span> <span class='ocrx_word' id='word_1_666' title='bbox 817 5593 943 5653; x_wconf 89' lang='lat' dir='ltr'><strong>distribui</strong></span> <span class='ocrx_word' id='word_1_667' title='bbox 994 5601 1057 5655; x_wconf 84' lang='lat' dir='ltr'><strong>darn</strong></span> <span class='ocrx_word' id='word_1_668' title='bbox 1083 5605 1191 5655; x_wconf 88' lang='lat' dir='ltr'><strong>nostras</strong></span> <span class='ocrx_word' id='word_1_669' title='bbox 1213 5597 1320 5653; x_wconf 89' lang='lat' dir='ltr'><strong>litteras</strong></span> <span class='ocrx_word' id='word_1_670' title='bbox 1342 5598 1487 5668; x_wconf 85' lang='lat' dir='ltr'><strong>inquietet,</strong></span> <span class='ocrx_word' id='word_1_671' title='bbox 1523 5597 1718 5655; x_wconf 87' lang='lat' dir='ltr'><strong>etaliusidcru</strong></span> <span class='ocrx_word' id='word_1_672' title='bbox 1736 5607 1782 5671; x_wconf 70' lang='lat' dir='ltr'><strong>tus</strong></span> 
     </span>
    </p>
   </div>
   <div class='ocr_carea' id='block_1_6' title="bbox 191 5698 1552 5842">
    <p class='ocr_par' dir='ltr' id='par_1_11' title="bbox 191 5698 1552 5842">
     <span class='ocr_line' id='line_1_59' title="bbox 191 5698 1552 5786; baseline 0.008 -29"><span class='ocrx_word' id='word_1_673' title='bbox 191 5698 514 5782; x_wconf 57' lang='lat' dir='ltr'><strong>immensuratum,</strong></span> <span class='ocrx_word' id='word_1_674' title='bbox 532 5703 568 5759; x_wconf 83' lang='lat' dir='ltr'><strong>lic</strong></span> <span class='ocrx_word' id='word_1_675' title='bbox 583 5704 730 5777; x_wconf 81' lang='lat' dir='ltr'><strong>rescriptis.</strong></span> <span class='ocrx_word' id='word_1_676' title='bbox 1031 5713 1103 5786; x_wconf 73' lang='grc'><strong>(999)</strong></span> <span class='ocrx_word' id='word_1_677' title='bbox 1113 5713 1177 5784; x_wconf 83' lang='lat' dir='ltr'><strong>Cap.</strong></span> <span class='ocrx_word' id='word_1_678' title='bbox 1201 5711 1326 5784; x_wconf 84' lang='lat' dir='ltr'><strong>l&#39;ucuute,</strong></span> <span class='ocrx_word' id='word_1_679' title='bbox 1342 5709 1552 5784; x_wconf 76' lang='lat' dir='ltr'><strong>reprebendo.</strong></span> 
     </span>
     <span class='ocr_line' id='line_1_60' title="bbox 193 5767 529 5842; baseline 0.012 -18"><span class='ocrx_word' id='word_1_680' title='bbox 193 5768 268 5842; x_wconf 79' lang='grc'><strong>(999)</strong></span> <span class='ocrx_word' id='word_1_681' title='bbox 280 5767 338 5828; x_wconf 78' lang='lat' dir='ltr'><strong>inlr·</strong></span> <span class='ocrx_word' id='word_1_682' title='bbox 354 5785 373 5827; x_wconf 91' lang='grc' dir='ltr'>ι.</span> <span class='ocrx_word' id='word_1_683' title='bbox 389 5781 467 5842; x_wconf 80' lang='lat' dir='ltr'><strong>epist.</strong></span> <span class='ocrx_word' id='word_1_684' title='bbox 484 5771 529 5828; x_wconf 85' lang='lat' dir='ltr'><strong>ili.</strong></span> 
     </span>
    </p>
   </div>
   <div class='ocr_carea' id='block_1_7' title="bbox 0 0 2060 6325">
    <p class='ocr_par' dir='ltr' id='par_1_12' title="bbox 0 0 2060 6325">
     <span class='ocr_line' id='line_1_61' title="bbox 0 0 2060 6325; baseline 0 2"><span class='ocrx_word' id='word_1_685' title='bbox 0 0 2060 6325; x_wconf 95' lang='lat' dir='ltr'><strong> </strong></span> 
     </span>
    </p>
   </div>
  </div>
 </body>
</html>
