4109 6325
167 259 220 320 ιιι
611 250 883 310 ..consistentis
899 247 993 306 histro
1012 247 1084 312 XlV,
1103 251 1242 310 chuisi!
1260 252 1340 314 titt.
1745 258 1799 321 Μ

168 372 254 434 nostri
268 371 405 444 Gregorii.
419 369 491 428 tituli
510 369 602 426 Sancti
618 369 755 427 Theodori
775 369 883 426 diaconi
898 383 959 426 car·
971 368 997 426 h
1010 369 1166 438 nectutem,
1180 379 1209 430 et
1222 372 1294 441 quod
1309 370 1461 430 invenirent
1475 386 1524 441 per
1533 385 1597 429 suas
1607 373 1686 429 nohis
1694 373 1798 438 litteras

166 465 268 523 dinalis
285 462 464 535 ,apostolice
485 463 558 519 sedis
572 461 651 533 legati
671 471 699 517 et
722 460 905 532 resistitisne
925 460 960 516 ad
1012 460 1128 518 lldoliter
1140 461 1309 529 intimarent,
1336 473 1365 519 ut
1385 476 1435 534 per
1446 462 1521 536 ipsos
1547 463 1681 522 certiores
1695 464 1797 537 eiiccti,

167 555 351 613 senerahiiem
373 555 487 610 iratreru
502 567 626 608 nocuum
647 552 883 624 archiepiscopum
907 551 959 607 Sa·
1010 563 1091 625 prout
1104 557 1246 625 expediret
1259 556 1286 612 in
1304 555 1399 612 eodem
1418 556 1527 630 negotio
1549 557 1700 626 procedere
1716 573 1798 616 cura·

160 633 333 703 ¹lernitanurn
347 647 462 700 accessit
479 660 528 715 pro
539 643 755 699 confirmationis
767 651 796 696 et
810 655 958 698 consecra·
1010 662 1113 704 remus.
1129 646 1208 704 Unde
1223 645 1457 717 archiepiscopus,
1470 647 1612 717 conjudice
1624 662 1676 703 uon
1689 647 1797 708 teletus

165 737 250 793 tionis
273 733 362 807 qratia
384 735 541 790 obtinenda.
555 732 608 788 Scd
625 732 847 804 archiepiscopus
868 731 958 800 prius·
1008 744 1118 815 propter
1142 723 1304 809 guerrarum
1334 736 1454 806 pericula
1478 737 1621 804 interesse,
1651 738 1686 794 de
1710 739 1796 810 ipsius

165 843 248 900 quam
268 826 297 882 iu
323 826 432 896 negotio
454 825 513 896 ipso
533 824 708 895 procederet,
730 831 830 879 nostre,
845 835 959 890 respon-
1009 833 1099 882 tamen
1122 842 1256 884 consensu
1275 827 1303 883 iu
1328 827 1438 896 negotio
1459 825 1516 894 iam
1540 828 1613 885 dicto
1630 831 1793 898 procedens,

164 920 252 977 sionis
274 917 416 976 oraculum
439 915 591 986 requisivit.
618 915 667 972 Cui
692 914 801 971 dedisse
815 911 957 967 recolimus
1008 918 1136 974 admissis
1162 920 1276 977 testibus
1294 933 1375 990 super
1402 919 1460 990 ipso
1479 920 1627 989 productis,
1657 921 1795 994 indagavit

162 1012 194 1067 iu
213 1011 349 1066 mandatis
364 1018 394 1062 ut
412 1022 493 1077 super
515 1001 694 1063 elect'iooihus
715 1006 744 1061 in
763 1002 956 1061 Policastrensi
1007 1008 1163 1080 diligentins
1181 1013 1332 1076 veritatem,
1349 1025 1430 1080 qnam
1445 1010 1495 1066 suh
1507 1024 1557 1066 sun
1570 1011 1659 1083 sigilis
1674 1015 1709 1068 sq
1741 1029 1793 1070 uo·

163 1113 194 1160 et
218 1101 350 1158 Saruensi
373 1098 504 1156 Ecclesiis
525 1098 669 1154 celebratis
695 1098 845 1168 procedere
870 1103 956 1150 retar-
1006 1110 1091 1157 sunm
1120 1103 1292 1171 praemuniam
1308 1101 1462 1158 destinavit.
1476 1100 1542 1157 cnm
1568 1113 1658 1158 amem
1684 1113 1793 1176 propser

164 1197 262 1260 daret,
288 1209 351 1250 eum
383 1192 590 1262 disponeremus
617 1189 652 1244 ad
679 1191 752 1261 repis
779 1188 953 1260 praesentiam
1005 1192 1059 1249 hoc
1074 1207 1160 1263 nuper
1175 1204 1365 1262 procuratores
1386 1193 1504 1264 partium
1528 1193 1668 1262 adsedem
1684 1203 1793 1265 aposto·

163 1298 276 1344 nostros
299 1283 411 1340 nuutios
437 1283 595 1349 destinare,
616 1298 666 1354 itti
680 1297 750 1355 quos
772 1297 854 1352 supet
869 1280 956 1338 litet
1004 1285 1085 1342 licam
1104 1287 1302 1351 accessissent,
1329 1301 1378 1357 per
1402 1286 1531 1342 dilectum
1555 1285 1639 1341 lilium
1669 1295 1792 1343 nostrum

163 1379 327 1452 quibusdam
343 1376 405 1432 aliis
415 1385 537 1431 nostram
553 1373 661 1444 plenius
675 1374 838 1444 intelligeret
858 1371 955 1427 solun·
1002 1375 1182 1434 Benediesum
1211 1377 1281 1432 ιιιιιιῑ
1309 1376 1418 1432 sanctas
1441 1374 1575 1432 Susannae
1602 1375 1791 1448 presbyterum

163 1480 258 1525 utem.
273 1466 352 1524 Unde
366 1482 428 1522 curn
441 1466 660 1537 archiepiscopus
682 1474 833 1522 memorato
851 1464 953 1523 laccho
1003 1469 1168 1527 cardinalem
1186 1469 1251 1540 ipsis
1275 1468 1425 1524 auditorem
1437 1482 1596 1526 concessum
1612 1476 1672 1523 acta
1694 1465 1791 1538 inspici

162 1575 324 1632 responsum
344 1555 524 1628 apostolicum
548 1556 752 1627 rescripsisset,
771 1553 889 1626 propriis
909 1555 954 1610 tit·
1002 1559 1117 1616 lecimus
1143 1551 1295 1630 diligenter.
1310 1558 1360 1627 Qui
1383 1573 1444 1615 cum
1468 1557 1547 1614 nohis
1572 1572 1632 1627 quse
1650 1545 1792 1614 inuenerat

162 1651 230 1706 teris
257 1658 414 1705 nostrarum
437 1654 531 1702 tenore
554 1645 706 1702 litterarum
740 1646 858 1711 inserto,
880 1645 951 1701 idern
1003 1650 1167 1720 explicasset
1181 1650 1381 1714 ,intelleximus
1399 1664 1448 1720 per
1474 1647 1658 1719 depositiones
1680 1649 1790 1706 testium

160 1749 317 1795 concarnatus
335 1737 435 1793 elicitur
458 1736 629 1808 respondisse
650 1753 658 1790 ε
681 1733 808 1790 Reuertar
826 1735 862 1790 oti
882 1737 951 1804 feeit
1002 1752 1031 1797 ιι
1044 1741 1151 1798 litteras
1169 1741 1316 1797 cardinalis
1331 1740 1454 1811 predicti
1469 1753 1560 1798 coram
1585 1739 1791 1809 archiepiscopo

159 1831 278 1893 cariam,
294 1841 318 1885 et
333 1829 365 1883 al
382 1829 421 1882 itis
435 1827 556 1898 qui‘elipi
578 1843 619 1883 nae
637 1827 771 1896 fecererat,
784 1843 865 1898 saper
889 1842 952 1881 eon·
1002 1828 1292 1888 Cuseruinoeshihitus
1306 1829 1447 1886 rrruniiesrc
1458 1829 1599 1899 prolatum
1611 1830 1683 1899 quod
1695 1829 1792 1886 Eccle-

158 1922 311 1976 aecrntione
322 1936 377 1974 men
388 1920 504 1989 {rnorem
518 1926 542 1972 et
557 1918 689 1974 ancilium
699 1918 837 1973 obtineto.
851 1918 950 1975 veruna
1001 1923 1042 1978 sia
1057 1921 1248 1978 Policastrensi
1258 1919 1545 1991 incarnedepraetato
1555 1919 1791 1992 archipresbytero

157 2013 259 2066 eodem
276 2009 442 2081 postumium
460 2008 533 2082 epod
560 2009 633 2079 renis
645 2011 750 2064 caritot
764 2007 951 2080 multipliciter
1001 2029 1117 2071 concors
1144 2011 1233 2068 luerat
1258 2012 1354 2070 electio
1378 2011 1524 2077 celebrata,
1549 2019 1578 2068 et
1598 2011 1672 2082 quod
1698 2011 1789 2067 nuntii

158 2103 302 2170 lahorsnte
326 2117 377 2172 pro
402 2100 617 2158 consecrationis
645 2116 758 2157 munere
781 2100 950 2165 ohtiucndo,
1001 2103 1130 2160 destinati
1152 2103 1185 2160 ad
1205 2118 1344 2160 assensum
1366 2102 1469 2174 regium
1497 2101 1784 2169 obtinendum,illum

157 2194 310 2264 supradicti
335 2193 445 2265 capituli
465 2191 553 2248 nuntii
575 2191 709 2247 cardinali
733 2188 847 2262 prelato
870 2203 950 2245 nrau·
1000 2211 1063 2252 snm
1081 2196 1209 2252 instantis
1226 2195 1388 2266 requisitum
1415 2193 1539 2252 ohsinsss
1562 2193 1674 2250 minime
1689 2202 1788 2264 porus.

156 2288 251 2344 &tuus
267 2297 391 2344 metrum
405 2287 438 2343 ad
454 2287 685 2357 archiepiscopum
705 2294 886 2340 riromoratmu
906 2287 949 2342 di·
1001 2294 1074 2351 runt,
1086 2275 1214 2358 quodque
1241 2301 1290 2357 per
1317 2287 1390 2359 regis
1412 2286 1563 2342 lamiliarcs
1587 2285 1789 2358 ipsiuscoguita

156 2381 263 2436 remum
282 2393 418 2448 exponere
431 2388 604 2456 curaverunt,
617 2388 645 2434 et
658 2377 841 2449 supplicantes
853 2378 942 2434 eidem
999 2377 1139 2434 uoluntate
1150 2377 1222 2448 quod
1236 2378 1393 2447 predictum
1416 2376 1547 2435 iacchum
1563 2377 1625 2448 eligi
1651 2379 1789 2448 cupiehat,

155 2484 193 2526 ue
217 2471 290 2527 dicto
311 2469 415 2526 iaccho
440 2472 474 2526 ad
500 2471 715 2529 consecrationis
740 2470 855 2543 qratiam
878 2468 949 2526 ohti·
999 2485 1061 2526 eum
1078 2469 1249 2540 postmodum
1264 2471 1454 2537 nominarunt3
1470 2471 1535 2526 itum
1556 2469 1629 2541 quod
1643 2478 1788 2540 postquam

155 2563 274 2620 ucudmu
285 2563 416 2618 arrxilium
427 2563 471 2618 ιιι
483 2563 603 2620 larorcm
618 2562 795 2634 impenderet,
808 2562 842 2616 ad
856 2563 948 2618 sedem
999 2559 1199 2617 innotuitdicto
1212 2557 1314 2618 laeoho
1329 2574 1378 2629 per
1400 2559 1542 2628 apostolici
1567 2560 1691 2630 rescripti
1711 2571 1789 2616 teno-

155 2654 335 2726 apostolicam
360 2653 540 2724 appellarunt.
577 2653 645 2710 Coro
674 2664 766 2710 autem
800 2653 948 2710 cardinalis
998 2665 1056 2706 rem
1071 2649 1157 2707 eidem
1186 2651 1438 2722 aharchiepiscopo
1454 2651 1626 2708 salernitano
1648 2651 1790 2707 transmis-

155 2757 265 2804 nostras
278 2746 314 2802 ab
328 2747 369 2802 cis
389 2745 495 2802 litteras
517 2745 705 2815 quesitissct,
734 2753 762 2800 et
787 2743 837 2814 ipsi
852 2758 946 2799 earum
997 2757 1058 2797 sum
1076 2742 1147 2811 qnod
1162 2741 1368 2814 archiepiscopo
1391 2750 1542 2799 memorato
1557 2756 1572 2796 a
1590 2741 1668 2798 uoltis
1687 2741 1789 2797 inhihi·

154 2853 240 2907 penes
253 2851 285 2894 se
297 2837 486 2893 authenticum
508 2852 563 2893 uon
583 2836 731 2900 haherent,
750 2834 809 2905 ipsc
822 2829 963 2893 inducias'
998 2833 1154 2890 tuminorat
1167 2850 1201 2890 ne
1225 2851 1314 2905 super„
1332 2835 1511 2890 electionibus
1535 2831 1742 2888 Policastrensis
1761 2841 1789 2890 et

152 2928 258 2984 eisdem
286 2927 410 2993 indulsit,
434 2926 506 2984 inira
530 2941 600 2996 quas
623 2926 711 2982 dictas
732 2925 758 2980 ei
783 2923 890 2978 litteras
905 2923 946 2977 vel
997 2922 1143 2982 Sarueusis
1163 2926 1344 2983 Ecclesiarum
1370 2925 1538 2994 procederet,
1561 2927 1621 2995 ipse
1650 2927 1684 2981 ed
1713 2925 1787 2996 regis

153 3033 251 3075 earum
266 3028 389 3074 ιιιοιιιι
404 3017 456 3074 suh
474 3017 565 3088 sigillo
583 3015 731 3088 supradicti
746 3014 944 3086 archiepiscopi
959 3032 981 3090 ρ
997 3017 1100 3069 curiam
1119 3015 1199 3070 rediit
1216 3030 1264 3086 pro
1272 3013 1488 3070 consecrationis
1503 3031 1615 3072 nruuere
1627 3015 1787 3084 ohu‘nendo;

153 3119 366 3184 presentamus,
379 3109 499 3178 Quorum
511 3124 620 3167 recessu
635 3118 746 3180 propter
761 3106 944 3165 turbationem
997 3120 1105 3161 rursum
1121 3106 1192 3177 quod
1204 3115 1346 3177 postquam
1360 3106 1490 3160 carditruli
1502 3105 1615 3177 prelato
1627 3108 1786 3178 hujusmodi

153 3201 287 3273 temporis
299 3192 456 3267 retardato,
478 3202 513 3257 ad
532 3201 681 3257 cardinalis
704 3200 876 3271 praesentium
902 3213 946 3254 re·
996 3198 1143 3269 prohihitio
1165 3199 1270 3255 exstitit
1286 3212 1334 3269 per
1356 3197 1565 3255 Policastrensis
1579 3201 1700 3255 eccles-in
1717 3218 1786 3259 ιιιιιι-

152 3293 283 3361 dmentem
296 3309 358 3350 carro
380 3302 505 3365 peterent
526 3293 650 3349 inducias
675 3293 834 3364 prorogari,
856 3290 945 3350 cardi·
998 3290 1050 3345 tios
1068 3299 1234 3356 reserasset
1245 3289 1338 3347 dilatio
1351 3290 1383 3343 ad
1397 3300 1502 3345 nostras
1516 3304 1598 3359 super
1613 3292 1665 3346 hoc
1682 3291 1787 3349 litteras

152 3368 300 3454 ualisipse
317 3384 458 3452 respondit
477 3397 507 3439 se
527 3383 631 3438 trullum
652 3382 693 3439 eis
711 3384 855 3438 terminum
877 3381 946 3435 assi·
996 3380 1039 3436 rel
1053 3395 1146 3435 carum
1166 3391 1287 3459 tenorem
1312 3380 1364 3434 suh
1387 3379 1474 3449 sigillo
1494 3373 1658 3434 salernitani
1693 3381 1787 3437 archi·

152 3488 255 3545 gnare,
266 3474 314 3528 sed
325 3475 374 3544 ipsi
385 3474 454 3531 hona
468 3473 521 3529 lide
533 3488 615 3543 quam
628 3474 683 3528 cito
695 3482 803 3545 possent
814 3474 848 3526 ud
859 3472 945 3543 ipsius
996 3472 1115 3543 episcopi
1128 3449 1296 3528 eririheud'as
1322 3471 1355 3525 nh
1371 3472 1464 3526 eodem
1478 3470 1578 3525 nurniis
1593 3470 1657 3539 ipsis
1670 3470 1784 3537 indulta,

150 3564 331 3635 praesentiam
353 3578 412 3619 crim
436 3563 539 3620 nostris
559 3563 659 3621 litteris
679 3564 721 3620 rel
743 3580 838 3621 earum
855 3572 946 3621 imus·
996 3579 1114 3619 necnon
1135 3571 1198 3633 post
1225 3561 1432 3633 appellationem
1458 3563 1491 3615 sd
1512 3576 1562 3617 nos
1585 3562 1784 3633 interpositam,

150 3653 245 3724 eripio
259 3654 348 3709 redire
366 3662 506 3708 curarent.
831 3649 836 3669 '
996 3652 1210 3711 diotustacohus
1226 3652 1319 3727 luerat
1335 3652 1361 3707 iu
1373 3654 1531 3723 episcopum
1544 3663 1730 3710 corrsecratus.

187 3749 314 3819 Cumque
325 3748 409 3803 maris
419 3747 574 3803 turbatione
584 3756 682 3817 pacata
695 3762 725 3803 se
736 3749 770 3804 ad
785 3749 838 3803 iter
849 3747 939 3803 acciu·
1030 3746 1097 3802 Cum
1129 3760 1195 3817 crgo
1220 3744 1476 3811 nobisconstiterit
1507 3745 1670 3801 electionem
1699 3746 1785 3817 ipsios

150 3852 250 3913 gerent
273 3840 415 3904 redeundi,
439 3838 467 3893 in
487 3838 607 3909 ejusdem
631 3838 778 3894 cardinalis
800 3839 943 3908 presentia
995 3836 1090 3893 lacohi
1119 3851 1174 3891 uon
1197 3836 1284 3903 solum
1308 3846 1404 3895 eontra
1430 3844 1531 3889 statuta
1548 3838 1679 3891 santonica
1696 3836 1783 3909 (iili,

150 3932 374 4005 provocationem
398 3932 525 4000 primitus
543 3931 729 4002 interpositam
766 3932 942 3989 innovarunt.
994 3945 1089 3987 serrum
1108 3930 1189 3985 etiam
1213 3935 1311 3997 corrtrav
1340 3926 1544 3985 constitutionis
1570 3936 1691 3983 tenorem
1712 3928 1785 3985 inter

150 4024 325 4081 hictusrero
346 4020 463 4077 iacchus
487 4024 558 4094 apud
577 4022 775 4079 ilessanensem
800 4037 943 4078 remanens
994 4022 1146 4078 ilomanam
1166 4020 1317 4079 Ecclesium
1332 4030 1359 4075 et
1378 4021 1492 4077 illustris
1513 4022 1651 4077 institorias
1665 4021 1784 4091 impera-

150 4118 306 4183 ιιιιιιιοιι,
318 4131 366 4186 ιιι
380 4114 549 4171 venerabiles
563 4115 665 4172 iratres
693 4124 800 4171 nostros
815 4114 943 4169 Tarenti·
995 4114 1089 4168 tricem
1100 4097 1291 4167 Conistuntimn'
1301 4126 1384 4181 snper
1398 4110 1586 4182 cpiscoporum
1601 4109 1781 4165 electionihus

150 4224 220 4264 num
237 4217 266 4264 et
280 4207 388 4263 Sancte
409 4204 547 4261 Sererinoe
569 4207 786 4278 archiepiscopos
797 4214 826 4261 et
835 4208 943 4277 cpisco-
994 4208 1078 4269 inite,
1105 4220 1164 4275 quae
1188 4203 1283 4277 procul
1304 4203 1385 4259 duhiu
1404 4204 1476 4259 dicto
1503 4202 1621 4257 introtuit
1638 4202 1781 4265 cardinali,

149 4314 219 4371 pum
248 4297 432 4355 Gerontinum
464 4300 499 4355 dc
525 4300 653 4354 mandato
683 4299 828 4355 carrliualis
856 4300 942 4370 ipsius
994 4314 1055 4355 cum
1072 4296 1311 4354 etnosillamsihi
1336 4295 1501 4360 miserimus,
1529 4304 1555 4349 et
1571 4294 1671 4363 ipsein
1687 4293 1785 4351 litteris

150 4390 273 4447 ohtinuit
285 4391 460 4457 consecrari;
482 4398 510 4446 et
524 4390 661 4463 praedictis
675 4391 814 4446 canonicis
827 4391 944 4447 reuersis
958 4392 981 4449 h
995 4406 1064 4461 quas
1085 4389 1233 4447 Cuserrtino
1256 4387 1461 4464 archiepiscopo
1492 4386 1651 4451 destinarit,
1677 4388 1710 4441 de
1738 4384 1784 4441 illa

149 4480 348 4551 adproprias
361 4480 655 4551 vestqiosuhsecutus.
670 4482 703 4537 ad
712 4480 940 4540 Policastreuseru
994 4484 1089 4541 iecerit
1099 4485 1278 4545 mentionem,
1288 4482 1377 4537 lirinus
1392 4480 1522 4536 canonice
1538 4479 1713 4541 cetehratam,
1731 4476 1783 4533 alia

148 4570 304 4629 Ecclesiam
341 4584 519 4630 consecratus
548 4574 679 4638 accessit;
704 4589 857 4645 quanquam
878 4592 941 4631 eum
994 4572 1353 4641 noricassata,nleconsilio
1380 4571 1496 4627 instrum
1513 4582 1678 4635 nostrornm,
1695 4572 1784 4641 inqui·
1842 4576 1850 4593 '

148 4660 367 4721 Polieastreuses
376 4665 501 4721 canonici
515 4674 643 4735 tanlquam
654 4666 810 4735 episcopum
822 4666 941 4737 recipcre
994 4666 1094 4723 sitione
1111 4680 1193 4735 snper
1206 4648 1342 4735 qrarihns'
1357 4676 1417 4731 quae
1431 4662 1456 4715 in
1473 4674 1616 4731 personam
1635 4660 1720 4729 ipsius
1733 4657 1781 4714 ln·

147 4756 319 4812 muricem.
333 4755 419 4813 Porro
433 4773 496 4813 curn
512 4757 593 4812 iidem
607 4755 685 4812 nohis
697 4760 942 4829 postmodumsnp·
965 4750 970 4765 “
994 4756 1055 4814 cohi
1071 4756 1176 4825 puhlice
1207 4755 1367 4823 dicebantur
1377 4753 1489 4817 omissa,
1505 4758 1574 4807 eum·
1583 4751 1683 4805 lactum
1697 4751 1723 4805 in
1736 4764 1781 4806 se-

147 4845 300 4916 plicassent
313 4856 342 4902 ut
362 4849 433 4919 quod
458 4847 582 4903 dedicio
605 4848 706 4905 ineohu
719 4858 775 4904 tam
790 4864 937 4919 perperam
993 4848 1054 4919 ipso
1075 4848 1204 4903 existeret
1225 4844 1363 4907 vitiosum,
1387 4840 1547 4897 electionem
1565 4841 1650 4910 ipsam
1676 4840 1784 4899 irritam

147 4935 258 5014 lactum·
281 4936 370 4994 lueret
396 4938 560 4993 auctoritate
589 4940 765 5009 dignaremur
790 4940 942 5013 apostolica
992 4936 1162 4992 decrevimus
1177 4941 1204 4987 et
1223 4932 1342 4995 inanem,
1357 4932 1550 4987 interdicentes
1563 4931 1650 4985 eidem
1665 4945 1784 4990 exsecuta

148 5038 314 5095 retractare,
326 5026 475 5086 venerabili
486 5031 566 5087 fratri
580 5041 673 5087 nostro
695 5032 943 5089 Cuscntinoarchi·
992 5026 1094 5083 tionenr
1119 5022 1282 5095 pontihcalis
1308 5018 1390 5077 cilicii
1413 5035 1466 5077 uon
1488 5022 1539 5077 rite
1554 5019 1691 5090 suscepti;
1708 5020 1779 5075 rotr-

147 5123 283 5191 spiscopo
309 5130 338 5177 et
360 5122 458 5178 dilecto
484 5122 539 5179 illio
564 5123 655 5179 ahhati
670 5122 758 5179 Floria
780 5124 903 5180 dedimus
913 5126 941 5181 in
991 5114 1125 5175 castrensi
1147 5110 1267 5183 capitulo
1285 5108 1384 5166 nostris
1411 5108 1508 5165 litteris
1531 5109 1737 5183 injungendam
1752 5110 1785 5169 in

148 5208 291 5266 muniatis
308 5219 337 5265 ut
349 5218 408 5266 tam
431 5211 577 5282 sepedicto
590 5210 693 5269 laccho
705 5221 735 5267 et
745 5187 940 5274 intruserunt
993 5208 1136 5269 electionis
1149 5206 1258 5276 negotio
1272 5204 1307 5259 dc
1325 5200 1440 5273 prelato
1455 5202 1690 5275 archipresbytero
1705 5198 1782 5257 ccle-

148 5300 273 5371 upitalo
284 5314 365 5373 qrrstu
377 5302 461 5359 etiam
475 5302 646 5361 Salernitana
659 5304 864 5375 archiepiscopo
876 5321 941 5363 eno·
992 5302 1079 5359 hratae
1091 5296 1262 5354 concorditer
1281 5292 1467 5363 procedentes,
1486 5292 1608 5347 eanrdeur
1624 5288 1783 5361 irenopoli«

150 5393 472 5467 camutoouparereat
485 5411 574 5467 perse
590 5394 633 5453 rel
648 5396 818 5468 responsales
829 5396 942 5457 idoneos
994 5404 1060 5451 mno
1072 5395 1297 5459 suoprnseutare
1322 5390 1469 5454 procurent
1493 5381 1708 5439 confirmandam
1737 5380 1784 5437 rel

150 5496 249 5539 coraus
279 5484 332 5546 chr.
359 5485 529 5545 inquirerent
553 5500 637 5561 saper
661 5486 810 5549 premissis
833 5488 941 5557 plenius
994 5484 1184 5541 inllrmandam
1195 5479 1230 5536 ah
1241 5477 1300 5565 ipso
1313 5482 1393 5549 prout
1407 5472 1507 5542 dejure
1519 5472 1600 5529 tuerit
1616 5470 1784 5531 iaciertdum.

132 5703 135 5709 -
187 5655 265 5735 wi
284 5658 410 5722 tidehh.
431 5675 452 5733 ι,
464 5664 544 5736 epist.
558 5662 621 5734 lid,
635 5662 698 5732 ut,
711 5662 774 5730 tis,
792 5670 820 5721 st
833 5662 880 5722 ιιι.
898 5677 930 5737 ιι,
946 5664 1026 5736 epist.
1044 5662 1109 5731 ιιι,
1127 5669 1153 5719 ιι
1170 5658 1250 5719 Gesta
1266 5658 1357 5719 initos.
1373 5655 1416 5724 lli,
1429 5670 1489 5729 cap.
1506 5652 1554 5717 ai.
