4109 6325
225 3915 227 3920 ·
315 3889 458 3930 stetnsnst
479 3885 604 3928 BPlSCOPO
630 3886 799 3928 trosretlcfl
822 3887 895 3930 senis
918 3889 1033 3931 cestro.

282 306 336 365 uti
720 298 912 357 tudocedttt
930 296 964 357 ltl
981 296 1035 357 PP.
1055 300 1289 359 secesionem
1309 300 1371 357 lte.
1390 299 1461 361 titt.

285 417 395 485 litteris,
409 414 554 488 procedere
569 426 622 468 non
635 412 759 479 anderes,
774 428 823 470 uos
835 415 986 470 remedium
997 416 1069 485 quod
1086 421 1111 479 Α

285 522 382 569 contra
410 506 634 578 impedimentum
658 503 813 575 hujusmodi
835 514 879 560 tua
895 506 1013 575 prouidit
1035 506 1073 562 di·

284 603 389 661 scretio
403 599 598 669 approbantes,
612 596 773 654 iraternitati
791 606 843 653 tuae
861 611 909 667 per
923 598 1072 668 apostolica

283 698 387 767 scripta
404 692 708 761 mandemusquatenns
732 689 778 747 ubi
797 690 980 761 personaliter
991 704 1074 761 nego·

285 787 354 843 tium
376 782 489 855 exsequi
516 781 672 853 nequiveris
696 788 885 849 memoratum,
912 780 1074 837 auctoritate
1146 777 1904 848 (leticumduddmadcorrectionemetrelormationem

285 888 392 940 nostra,
408 884 489 947 prout
505 876 564 945 ipse
579 872 717 945 cogitasti,
732 869 965 929 committastiris
988 872 1073 927 bone·
1124 869 1282 925 monasterii
1295 870 1328 925 de
1338 870 1498 941 vangaditia
1526 872 1681 930 laborantes
1704 876 1837 944 prolicere
1856 894 1904 932 non

285 968 336 1023 stis
349 976 376 1023 ct
391 966 512 1037 providis
534 964 608 1020 uices
623 972 693 1021 tuos.
717 963 751 1017 Et
765 964 892 1033 qnoniam
906 964 941 1019 de
953 970 1006 1017 tuae
1019 961 1074 1016 cir·
1122 974 1274 1029 possemus,
1300 976 1350 1016 nec
1378 961 1530 1031 bnjtrsmodi
1549 962 1688 1036 Babylon,
1711 981 1794 1035 quam
1821 968 1905 1024 studio

284 1054 497 1127 cumspectionis
509 1053 641 1109 rrrodestia
654 1052 778 1109 induciam
788 1054 909 1123 gerimus
922 1052 1072 1123 pleniorem
1124 1052 1210 1108 multo
1235 1053 1400 1119 corrasimus,
1421 1054 1455 1109 ad
1469 1055 1618 1111 sanitatem
1632 1056 1769 1113 ullatenus
1782 1060 1904 1125 perteni-

284 1150 395 1205 taxandi
421 1158 475 1203 tam
491 1147 537 1202 tibi
551 1160 631 1215 quam
655 1146 709 1201 illis
733 1147 904 1203 evectionum
930 1157 1072 1199 nnmerum
1124 1152 1176 1210 ret,
1204 1142 1326 1213 quinimo
1348 1141 1407 1212 eins
1427 1146 1659 1215 computruissent
1679 1145 1749 1202 adeo
1767 1147 1906 1205 cicatrices

285 1254 365 1308 ouem
379 1237 527 1294 sectrndum
549 1235 671 1291 locorum
688 1243 716 1292 et
733 1244 884 1305 temporum
910 1234 1072 1304 ortalitatem
1124 1246 1155 1291 nt
1170 1250 1264 1292 earum
1281 1235 1351 1292 letor
1367 1236 1451 1292 etiam
1468 1238 1552 1293 laicos
1572 1238 1606 1293 sd
1625 1253 1756 1294 nauseam
1781 1254 1907 1309 provoca·

284 1330 386 1386 videris
402 1326 530 1396 expedire
539 1326 650 1381 liberam
663 1325 709 1381 tibi
720 1326 894 1381 concedimus
905 1323 1072 1386 laenitatem,
1124 1335 1175 1392 ret,
1189 1327 1296 1381 demum
1312 1328 1482 1384 attendentes
1503 1329 1578 1384 lerro
1589 1330 1690 1385 debere
1704 1329 1820 1385 rutlnera
1835 1344 1904 1385 rese·

284 1421 470 1479 moderamine
482 1417 553 1489 quod
574 1418 630 1489 ipsc
641 1419 782 1488 providisti
793 1418 866 1473 circa
891 1432 938 1473 eos
960 1415 1006 1485 qul
1021 1414 1072 1469 mi·
1124 1417 1180 1472 cari
1194 1432 1254 1485 quac
1266 1418 1446 1474 iumentorum
1471 1434 1525 1475 non
1541 1420 1665 1475 sentiunt
1678 1420 1852 1483 medicinam,
1863 1435 1906 1475 re·

284 1513 437 1569 nistrabunt
452 1511 665 1583 procurationes,
679 1525 740 1565 cum
754 1525 799 1565 res
813 1510 851 1564 ita
877 1508 1012 1564 uidebitur
1023 1521 1073 1577 po·
1124 1507 1238 1562 nerabili
1263 1508 1340 1563 iratri
1367 1516 1461 1565 inostro
1482 1508 1593 1564 Nicolao
1606 1508 1754 1580 llcginensi
1771 1508 1905 1579 episcopo,

284 1605 397 1671 stulare,
430 1610 553 1666 set-rato;
581 1609 611 1657 nt
637 1600 765 1657 uidelicet
795 1602 911 1655 duarum
932 1600 973 1656 vel
991 1600 1072 1654 trium
1124 1608 1188 1652 tunc
1202 1598 1299 1663 electo,
1321 1606 1349 1653 et
1372 1599 1476 1655 dilectis
1492 1599 1554 1654 filiis
1568 1599 1653 1669 priori
1676 1598 1769 1653 Sancti
1795 1598 1903 1668 Georgii

284 1698 429 1753 autetiam
452 1696 569 1765 plurium
595 1694 790 1764 parochiarum
817 1692 923 1763 populis
940 1692 966 1745 in
988 1705 1072 1745 unum
1123 1697 1151 1743 et
1165 1686 1291 1743 Venturae
1311 1687 1478 1744 subdiacono
1492 1696 1585 1743 inostro
1604 1688 1738 1743 canonico
1757 1686 1902 1742 Veronensi

282 1788 319 1840 ad
342 1786 505 1840 audiendum
531 1784 644 1850 uerbum
672 1783 778 1838 Domini
793 1782 959 1846 convocatis,
977 1795 1071 1837 eorum
1118 1778 1247 1836 dedimus
1269 1779 1297 1834 in
1311 1780 1447 1835 mandatis
1461 1788 1492 1834 ut
1517 1787 1571 1833 tant
1584 1777 1617 1833 Ε.
1632 1779 1771 1847 quondam
1788 1778 1904 1845 ciusdem

279 1878 389 1950 praelati
403 1878 492 1941 simul,
509 1876 553 1932 ubi
569 1876 666 1945 singuli
684 1890 738 1931 non
752 1872 921 1939 suffecerint,
938 1887 1074 1944 expensas
1123 1870 1174 1925 loci
1189 1869 1325 1937 abbatem,
1347 1870 1423 1940 quia
1439 1863 1571 1939 regimine
1595 1866 1681 1938 ipsius
1706 1878 1798 1923 nostra
1820 1867 1907 1922 linerat

284 1969 384 2038 bajulis
396 1968 470 2023 verbi
487 1968 533 2022 liei
549 1966 696 2023 exiribcaut
706 1966 874 2021 moderatas.
888 1962 1073 2020 Concedimus
1124 1962 1287 2018 auctoritate
1300 1968 1417 2029 amotus,
1440 1976 1523 2031 onam
1543 1960 1626 2014 ctiam
1638 1959 1788 2014 monachos
1800 1958 1908 2013 unirer·

283 2061 367 2117 etlam
382 2068 412 2114 ut
426 2057 602 2115 incendiariis
613 2066 641 2113 et
657 2058 690 2113 ils
703 2057 748 2129 qui
763 2070 859 2111 nianus
874 2055 1035 2111 temerarias
1046 2055 1073 2111 in
1121 2066 1169 2114 ,sos
1178 2064 1227 2122 per
1242 2050 1295 2106 alia
1308 2051 1472 2106 monasteria
1486 2050 1664 2117 collocantes,
1688 2051 1776 2105 virtum
1792 2050 1908 2119 aliquem

284 2150 453 2207 clericosaut
466 2148 535 2205 alias
548 2148 891 2219 personasccclesiasticas
906 2145 1072 2214 injecerunt,
1123 2144 1290 2215 religiosum,
1315 2144 1394 2199 bonae
1410 2143 1546 2213 opinionis
1568 2152 1597 2198 et
1613 2144 1686 2209 vite,
1713 2142 1857 2199 sollicitum
1880 2141 1908 2195 in

284 2242 438 2299 nolentibus
453 2240 592 2309 suscipere
623 2240 854 2311 signumcrucis,
888 2238 1073 2293 satisfactione
1123 2236 1318 2308 spiritualibus,
1341 2247 1368 2293 et
1395 2238 1423 2292 in
1449 2238 1642 2309 temporalibus
1670 2238 1908 2307 circumspectum,

284 2333 444 2404 ieiuniorum
457 2332 578 2388 exhibita
602 2332 778 2401 competenti,
798 2332 963 2387 auctoritate
979 2340 1072 2385 nostra
1123 2328 1289 2384 monasterio
1303 2328 1473 2397 praelicerent
1488 2329 1637 2393 antedicto,
1664 2330 1711 2399 quii
1726 2342 1819 2383 secum
1842 2327 1911 2382 siris

284 2437 383 2478 rotinus
399 2420 575 2477 absolutionis
602 2420 758 2487 iutpcudasg
779 2420 831 2475 nisi
856 2420 948 2475 lorsnn
968 2417 1073 2487 uliquo-
1124 2416 1305 2488 prudentibus
1333 2425 1362 2471 et
1381 2416 1516 2487 religiosis
1541 2417 1688 2487 assumptis
1715 2415 1910 2471 monasterium

285 2530 344 2570 rum
369 2526 497 2569 excessus
515 2510 584 2566 adeo
613 2523 710 2579 graves
740 2512 891 2565 existerent
907 2516 934 2565 et
947 2522 1073 2563 enormes
1123 2508 1210 2579 ipsum
1223 2508 1401 2577 spiritualiter
1421 2518 1449 2563 et
1471 2508 1658 2577 temporaliter
1672 2508 1844 2563 reformaret.
1858 2506 1910 2575 Qui

1521 414 1530 469 1
1554 454 1562 470 .

1228 520 1316 561 rntont
1328 521 1363 561 er
1376 413 1802 562 euomuerirlimimmmsnos.

1193 596 1233 651 De
1242 596 1428 666 reformatione
1441 600 1594 653 monosterii
1615 600 1648 653 de
1669 598 1839 671 Vnnpoditio.

1309 687 1431 759 (Signiae,
1452 702 1488 743 rut
1501 687 1563 745 det.
1578 687 1727 761 Octobris.)

284 2603 357 2673 quod
371 2602 466 2657 nterito
480 2606 573 2653 essent
591 2597 623 2651 ad
638 2598 729 2653 sedem
742 2598 919 2667 apostolicam
933 2597 1073 2653 transmit·
1123 2599 1281 2655 mandatum
1308 2599 1486 2668 apostolicum
1506 2600 1623 2655 lldeliter
1650 2609 1842 2670 exsequentes,
1869 2596 1911 2653 du-

284 2693 370 2751 tendi.
388 2690 429 2745 Ad
446 2694 512 2752 baec,
531 2703 625 2744 orantes
639 2690 696 2759 oui,
717 2696 743 2744 te
758 2688 831 2744 circa
853 2688 1009 2760 hujusmodi
1021 2702 1072 2744 ne·
1123 2690 1222 2747 lectum
1237 2690 1321 2747 ilium
1336 2690 1367 2747 S.
1380 2691 1478 2747 domus
1490 2690 1632 2747 rmtraede
1651 2688 1756 2746 Verona
1778 2692 1910 2760 priorem,

284 2782 387 2852 gotium
412 2788 554 2849 occupato,
583 2778 767 2851 possessiones
790 2789 838 2837 aut
862 2780 915 2835 alia
943 2778 1072 2836 Ecclesiae
1121 2784 1210 2837 uirum
1225 2782 1319 2852 utique
1334 2782 1687 2850 providumetboncstum,
1707 2783 1757 2853 ipsi
1773 2792 1909 2836 monaste·

284 2883 338 2931 tue
356 2874 426 2931 bona
443 2879 544 2927 temere
567 2869 789 2940 presumpserint
811 2872 941 2927 invadere
954 2872 996 2927 rel
1013 2880 1073 2926 ιιιι-
1122 2878 1164 2932 rio
1190 2875 1379 2947 praeleeerunt,
1408 2873 1579 2946 injungentes
1599 2875 1687 2930 eidem
1710 2881 1739 2929 ut
1752 2875 1785 2928 ad
1814 2874 1907 2927 ruinius

283 2967 359 3031 bare,
374 2966 401 3021 io
416 2976 578 3035 quacunque
600 2960 703 3017 luerint
723 2962 833 3019 diaecesi
850 2964 1004 3029 constituti,
1020 2964 1070 3021 tibi
1121 2968 1267 3025 duodecim
1279 2967 1346 3023 utris
1360 2967 1465 3023 idoneis
1476 2966 1511 3022 de
1528 2967 1624 3021 ordine
1641 2975 1732 3022 vestm
1747 2966 1909 3035 assumptis,

283 3058 365 3113 liceat
391 3054 571 3127 appellatione
589 3060 690 3108 remota
711 3066 761 3123 per
774 3053 1107 3129 districtionemeccle·c
1123 3060 1156 3114 ad
1178 3058 1299 3129 eiusdem
1323 3056 1544 3113 reiormationem
1566 3057 1719 3113 inscenderet
1737 3057 1853 3113 sollicite
1875 3072 1910 3112 ae

282 3148 422 3207 siastieam
447 3158 585 3204 coercere.
602 3142 705 3202 Taliter
727 3160 794 3214 ergo
809 3146 836 3202 in
854 3147 979 3203 omnibus
994 3148 1072 3204 exbi·
1122 3152 1271 3222 prudenter
1282 3165 1290 3216 ς
1303 3149 1383 3205 ιιοΙιίι
1397 3146 1573 3205 nibilominus
1585 3163 1634 3219 per
1647 3147 1825 3204 utraslittcras
1835 3149 1909 3219 qnod

282 3245 385 3298 berete
399 3240 508 3296 studeas
521 3238 695 3310 prudentem,
704 3237 849 3295 sollicitum
865 3247 892 3295 et
907 3241 1070 3308 modestum,
1122 3246 1245 3301 lecerunt
1257 3243 1423 3307 intimantes,
1440 3250 1469 3294 ut
1483 3256 1578 3296 eorum
1592 3254 1735 3310 processus
1746 3253 1796 3310 per
1810 3255 1912 3310 appro-

282 3332 353 3398 rguod
366 3327 473 3399 perboc
485 3334 629 3382 creseaset
642 3326 751 3382 nomine
763 3327 833 3398 apud
846 3327 969 3386 homines
982 3336 1072 3386 etme·
1121 3334 1260 3390 batiouem
1288 3340 1411 3387 nostram
1427 3329 1601 3386 stabilitatem
1615 3329 1733 3385 debitam
1752 3328 1910 3384 sortiretur.

283 3419 335 3474 rito
350 3417 420 3487 apud
441 3417 537 3483 ὓιιιιιι,
550 3429 655 3487 nosque
668 3414 865 3472 iraternitatem
887 3425 962 3472 tuam
986 3420 1071 3487 magis
1122 3424 1250 3480 Veientes
1268 3421 1350 3493 igitur
1361 3421 1401 3476 sic
1414 3421 1535 3490 ejusdem
1548 3420 1706 3476 ntouasterii
1717 3418 1910 3474 reiormationi

281 3522 314 3562 ²0
326 3505 413 3576 magis
428 3505 578 3577 ³P⁰S¹⁰¹5c²
604 3518 801 3576 prosequamur
814 3509 900 3576 gratia
923 3515 951 3564 el
967 3508 1069 3566 film-
1121 3530 1153 3572 ac
1165 3513 1249 3571 statui
1262 3512 1406 3582 prouidere
1415 3511 1487 3580 quod
1501 3525 1537 3566 ex
1558 3511 1610 3565 boc
1624 3509 1679 3580 iuri
1694 3509 1854 3579 apostolica
1867 3523 1911 3562 se·

308 3589 414 3654 'Delum
434 3597 547 3669 51811ῑῆ
573 3611 599 3652 ll
625 3596 686 3652 ¹⁶⁰⁵
717 3596 868 3666 Sellifflbo
893 3599 1071 3670 ponttdcatus
1121 3609 1174 3672 dis,
1191 3600 1405 3675 adquamnutlo
1425 3601 1514 3658 medio
1537 3601 1665 3672 pertinet,
1695 3599 1808 3654 minime
1831 3599 1912 3652 dero·

281 3691 367 3747 11081ιί
383 3704 454 3747 dunt
468 3697 545 3745 Stilo
555 3689 669 3746 decium·
1120 3708 1209 3772 getur,
1220 3696 1255 3752 de
1269 3695 1384 3751 iratnnm
1397 3703 1551 3750 nostrornm
1565 3691 1774 3760 consilioipsum
1787 3691 1910 3759 priorem

636 3779 713 3835 CXll·
1121 3789 1303 3847 concedentes
1320 3784 1395 3841 dicto
1408 3784 1573 3840 monasterio
1586 3783 1613 3837 in
1629 3783 1755 3838 abbatem
1767 3821 1776 3848 ,
1791 3781 1910 3836 liberam

1120 3881 1240 3952 ejusdcm
1272 3876 1433 3934 monasterii
1448 3876 1647 3932 correctionem
1668 3883 1697 3930 et
1719 3874 1830 3945 plenam
1849 3871 1911 3936 tibi,

386 3965 426 4020 lle
437 3963 562 4018 electione
578 3961 737 4033 patriamne
751 3961 951 4034 Constantium·
1119 3973 1157 4028 ιιι
1170 3971 1256 4042 prior,
1264 3978 1294 4025 ιι
1305 3967 1507 4026 suecessoribus
1520 3967 1574 4023 tuis
1587 3967 1715 4022 duxinms
1734 3966 1911 4021 committen-

459 4051 570 4124 (Signiae
582 4091 590 4116 ι
604 4066 651 4106 111
665 4050 725 4106 ¹4²¹·
741 4051 892 4122 0⁰l⁰bli⁸i
1119 4065 1193 4129 dam,
1208 4064 1246 4119 ita
1260 4071 1350 4119 tamen
1368 4064 1440 4133 quod
1450 4060 1496 4131 qui
1508 4076 1557 4132 pro
1570 4069 1693 4130 tempore
1705 4057 1789 4116 luerit
1802 4059 1912 4114 electus

315 4143 505 4200 Curncausam
535 4155 617 4210 super
645 4141 825 4212 postulatione
859 4142 894 4199 de
919 4144 1069 4200 venerabili
1120 4157 1231 4220 guidem,
1257 4153 1382 4212 Romano
1400 4153 1522 4225 pontillci
1538 4161 1731 4225 presentetur,
1744 4150 1780 4206 ab
1792 4165 1827 4206 ert
1839 4165 1911 4206 ω...

280 4236 364 4292 fratre
377 4243 469 4292 nostro
491 4234 657 4290 Heracliensi
682 4234 923 4305 archiepiscopoet
936 4235 1069 4293 electione
1120 4249 1282 4306 [timagenes
1311 4255 1340 4302 οι
1360 4245 1556 4302 benedictionis
1579 4245 1694 4316 gratiam
1726 4252 1910 4313 recepturns3

280 4329 314 4384 de
326 4327 425 4385 dilecto
441 4327 496 4384 lllio
511 4325 625 4400 plebano
641 4327 736 4394 Sancti
759 4327 836 4384 Pauli
856 4329 890 4405 de
905 4329 1028 4388 verreriis
1040 4332 1067 4386 in
1120 4342 1154 4398 ao
1167 4339 1244 4410 cujus
1267 4339 1432 4394 amodonem
1446 4377 1454 4404 ,
1470 4336 1617 4409 siquando
1641 4348 1751 4407 propter
1778 4351 1913 4391 excessus

278 4421 576 4494 Constantinopolitano
599 4421 720 4481 Ecclesia
740 4421 886 4478 celebratis
900 4421 1000 4480 dilecto
1012 4423 1068 4480 lilio
1083 4411 1107 4467 Ι)
1120 4447 1183 4488 euos
1196 4429 1279 4486 luerit
1296 4431 1474 4498 amovendus,
1485 4426 1639 4485 inconsulto
1649 4426 1913 4498 Romanopoutilice

279 4515 410 4587 turrigistro
424 4515 541 4570 Marinae
566 4515 673 4570 notario
697 4523 793 4571 nostro
820 4513 978 4571 duxerimus
991 4529 1067 4572 com-
1120 4521 1272 4579 ,irritaremus
1284 4521 1458 4591 procedatur.

278 4609 447 4678 emittendam,
465 4615 492 4664 et
506 4609 576 4665 idem
594 4607 770 4679 proficiscens
791 4619 876 4676 usqtne
891 4609 1019 4666 Venetiae
1039 4609 1065 4664 in
1154 4612 1251 4668 ilatum
1265 4611 1376 4682 Siguiae,
1389 4627 1425 4666 ιιι
1443 4609 1503 4666 llal.
1521 4609 1658 4679 Octobris,
1670 4607 1843 4679 pontificatus
1858 4621 1914 4662 no-

278 4702 386 4773 uegotio
415 4716 464 4773 pro
491 4711 568 4771 porte
586 4703 751 4773 processerit
779 4704 866 4776 1155),
891 4703 1064 4773 salutamen
1119 4704 1154 4758 tri
1171 4717 1244 4759 anno
1262 4702 1469 4759 sextodecimo.

277 4807 324 4860 per
349 4792 478 4848 Venetiae
501 4791 765 4864 Constantinopolim
792 4794 937 4852 transitum
963 4793 1065 4848 babere

277 4899 329 4939 riou
341 4883 436 4954 potuit,
449 4899 559 4940 causam
585 4885 670 4955 ipsum
685 4893 752 4942 -tnae
765 4885 942 4952 iraternitatl,
961 4885 994 4941 de
1010 4899 1063 4956 quta

275 4977 354 5045 plene
366 4977 538 5043 collidimus,
549 4977 676 5034 duximus
688 4979 922 5046 committendam,
936 4991 984 5048 per
999 4992 1064 5046 apo·

276 5070 354 5125 tolica
370 5069 417 5124 tibi
432 5071 533 5141 scripta
549 5069 707 5128 mandantes
720 5081 855 5142 ottalanus
868 5073 894 5126 in
907 5071 1003 5128 eadem
1017 5085 1062 5126 se·

274 5163 391 5219 erundum
406 5163 521 5219 lormam
547 5163 772 5234 comprehensam
790 5165 817 5218 in
831 5162 933 5218 litteris
953 5161 1062 5217 directis

274 5252 307 5306 ad
325 5251 450 5308 eumdem
466 5251 625 5323 magistrum
644 5253 824 5324 appellatione
848 5259 950 5308 remota
966 5265 1061 5321 procc-

273 5343 334 5400 ons.
346 5341 521 5416 Tudeniqne,
538 5341 623 5400 irater
635 5344 780 5415 episcope,
795 5357 876 5415 super
895 5342 990 5413 teipso,
1006 5353 1059 5396 etc.

309 5437 407 5490 batum
431 5435 541 5504 Signiae,
569 5449 615 5490 ιιιι
645 5436 705 5492 lial.
733 5435 867 5503 (latebris,
884 5435 1060 5507 pontificatus

274 5528 359 5585 nostri
374 5543 446 5586 anno
461 5527 669 5584 sextodecimo.

310 5637 384 5708 (l55)
395 5639 461 5697 vide
478 5654 557 5708 supra
570 5639 649 5708 epist.
666 5641 710 5696 ttl.

1153 4793 1187 4849 ln
1210 4793 1328 4849 eumdem
1347 4794 1402 4860 sere
1418 4793 1525 4848 modum
1547 4793 1674 4862 seriptum
1698 4799 1736 4845 ert
1765 4789 1914 4860 depluens·

1117 4885 1247 4955 episcopo,
1261 4884 1344 4954 priori
1355 4883 1446 4938 Suneti
1467 4883 1584 4953 Georgii,
1597 4893 1620 4936 et
1635 4881 1667 4936 ι’.
1682 4881 1845 4936 subdiacone
1857 4893 1914 4932 rto·

1117 4987 1171 5031 etro
1186 4977 1311 5030 cononice
1327 4973 1481 5040 Veronensi,
1500 4975 1584 5030 uerbis
1596 4983 1769 5046 competenter
1783 4971 1914 5033 mutetis,

1116 5083 1198 5137 usgue
1222 5066 1376 5122 nullatenus
1400 5068 1574 5138 procedatur.
1595 5067 1713 5135 ideoque
1739 5061 1913 5118 discretioni

1115 5170 1212 5215 vestre
1230 5174 1280 5228 per
1300 5160 1450 5230 apostolica
1468 5161 1568 5229 scripta
1592 5159 1755 5214 mandamus
1769 5168 1916 5228 quatenns

1116 5252 1264 5307 ntonacbos
1276 5255 1322 5322 oui
1334 5254 1422 5308 adbuc
1432 5251 1460 5308 in
1478 5252 1590 5323 prelato
1603 5251 1771 5307 monasterio
1782 5263 1916 5306 comnio-

1116 5350 1210 5396 rantnr
1224 5344 1251 5397 in
1263 5342 1323 5398 aliis
1334 5342 1504 5399 monasteriis
1516 5342 1598 5416 recipi
1613 5341 1755 5409 iacientes,
1767 5342 1794 5396 in
1806 5354 1914 5408 corpo·

1116 5433 1201 5488 rulom
1213 5434 1411 5496 possessiouem
1427 5434 1511 5506 ipsius
1527 5435 1685 5505 praedictum
1701 5433 1841 5490 inducatis
1858 5431 1916 5486 ab·

1114 5525 1216 5591 batere,
1226 5535 1253 5579 et
1264 5525 1297 5579 ad
1307 5525 1524 5583 reiormationem
1534 5526 1843 5598 ejusdemepportunum
1855 5522 1914 5576 im·

310 5708 383 5782 llil)
398 5709 560 5784 Vide-’supra
585 5710 665 5775 epist.
688 5709 732 5775 to,
757 5721 785 5766 ιι
803 5711 849 5766 lib.
869 5725 887 5765 ιι
918 5709 991 5766 ilict.
1006 5711 1159 5768 Cetueldnl.
1174 5724 1234 5781 pag.
1248 5707 1299 5765 182
1310 5720 1337 5766 ct
1349 5723 1407 5779 seg.
