4109 6325
686 280 879 345 tuhocuutu
898 284 932 343 ttl
949 282 1001 342 ιιι).
1024 284 1264 345 nucestonb'tt
1281 284 1345 343 utu.
1367 284 1423 343 th.

1046 408 1146 466 Acuua
1161 418 1193 459 ac
1208 403 1401 473 imperatorem
1417 401 1514 470 ipsum,
1535 400 1610 469 quod
1623 400 1712 457 absit!
1732 415 1786 456 ιιιιιι
1808 416 1873 473 pos-

592 400 683 457 cxttt.

376 502 697 549 cohartartsorourrtuo
712 509 900 554 rarntancutu.

331 578 364 637 Ut
389 582 528 652 qrteatrdum
553 582 711 637 canonicam
738 586 821 654 recipi
845 586 928 654 (aciat

467 672 617 743 (Laterani,
634 686 661 729 ιιι
677 676 706 729 ia
721 676 802 746 aliu.)

275 766 303 821 Si
318 778 413 835 preces
435 764 599 835 apostolicas
625 780 675 837 pro
699 768 733 823 iis
761 768 810 823 tibi
834 768 976 838 dirigimus
1002 776 1030 823 et

238 857 394 911 rrctudatum
428 870 543 926 quorum
579 858 665 913 habes
699 859 823 913 notitiam
856 860 1027 931 pleniorem,

237 956 313 1000 aaran
332 962 381 1003 tros
395 948 522 1003 comeuit
538 946 646 1004 facilius
663 950 785 1005 exaudiri
803 961 907 1020 quanto
922 951 962 1006 eis
978 964 1028 1021 pro

136 1111 142 1121 Ι
237 1038 338 1109 quibus
359 1039 517 1106 scribimus,
545 1054 644 1109 prater
665 1049 757 1097 nostra
781 1041 895 1108 monita,
917 1043 1027 1113 propria

235 1133 334 1188 reuerita
351 1132 548 1205 suffragantur.
564 1134 627 1189 tude
642 1133 767 1204 estquod
782 1150 831 1204 pro
850 1135 950 1191 dilecto
970 1134 1026 1190 tltto

205 1268 212 1279 .
236 1224 269 1279 G.
284 1225 383 1281 elerico
402 1226 555 1281 charissimi
570 1226 597 1280 iu
613 1225 723 1281 Christo
744 1227 791 1281 tilii
808 1228 894 1283 nostri
915 1226 1026 1281 henrici

212 1314 531 1386 ·Cotastautinupolitani
559 1317 734 1385 imperatoris
754 1318 868 1373 illustris
898 1316 1027 1372 fraterni·

237 1415 319 1461 tatcm
335 1414 407 1461 tuam
425 1408 572 1477 rogandam
596 1408 724 1463 duximus
738 1416 765 1463 ct
779 1407 952 1473 mouendam,
977 1420 1026 1477 per

1817 288 1874 348 lid

1081 496 1117 551 stt
1131 494 1290 551 scandalum
1304 493 1422 548 esuriri:
1439 490 1574 557 Quocirca
1598 492 1760 548 discretioni
1770 502 1873 548 restra

1081 605 1131 659 per
1142 586 1288 657 apostolica
1314 584 1416 655 scripta
1432 584 1593 639 arandamus
1612 594 1748 653 quatenus
1769 585 1872 641 dictum

1081 680 1265 752 patriarcham
1294 679 1329 733 ad
1361 677 1388 731 id
1418 677 1552 731 moneatis
1581 677 1711 732 attentius
1738 686 1767 731 et
1791 676 1872 731 indu·

1075 774 1146 827 cere.
1161 770 1326 843 procuretis.
1340 768 1418 836 Quod
1433 770 1457 824 si
1476 783 1530 824 non
1547 783 1658 836 onmes,
1671 780 1736 837 ete..
1754 768 1809 825 duo
1821 783 1872 823 re-

1081 874 1181 931 strum,
1193 876 1246 920 etc.

1073 956 1079 965 '
1116 960 1212 1014 ltatum
1226 956 1363 1022 Laterani,
1380 969 1407 1009 m
1419 956 1446 1009 in
1457 957 1514 1010 otia

1428 1044 1518 1101 ttttt.

1213 1150 1389 1192 rararaacua
1404 1148 1725 1190 cossatarmoroutrsao

1380 1225 1418 1279 lie
1432 1226 1523 1280 eadem
1536 1241 1574 1281 re.

1169 1322 1173 1331 '
1238 1318 1392 1393 (Laterani,
1406 1334 1426 1372 ιι
1442 1315 1511 1374 tlon.
1526 1314 1708 1384 Nuaenrbris.)

1113 1412 1229 1469 Gratum
1251 1412 1284 1467 ad
1307 1425 1368 1476 uos,
1397 1418 1464 1474 etc,
1488 1408 1516 1460 in
1542 1408 1662 1463 eamdem
1684 1405 1739 1476 (ere
1761 1407 1869 1461 medana

236 1500 383 1568 apos'otica
397 1498 445 1554 tibi
460 1500 562 1568 scripta
578 1498 739 1554 mandantes
753 1507 888 1569 quatenus
898 1498 1022 1553 cumdem
1077 1522 1158 1577 persae
1172 1519 1328 1575 gravamen.
1340 1504 1408 1560 cam
1424 1504 1506 1574 igitur
1521 1502 1593 1557 iltius
1604 1502 1666 1572 iura
1687 1500 1788 1557 debeas
1808 1514 1870 1554 ser·

236 1606 287 1659 pru
301 1590 453 1644 Υιιίιθῐιῑῑι
474 1589 545 1645 betti
570 1590 643 1645 Pctri
663 1599 690 1644 ιι
710 1600 815 1655 nostra,
838 1590 935 1643 intuitu
954 1604 1022 1657 quo·
1077 1613 1142 1650 aare
1157 1597 1239 1653 illaesa
1255 1596 1301 1666 qui
1326 1606 1351 1651 te
1365 1608 1448 1665 super
1463 1595 1517 1649 tuis
1529 1592 1644 1667 justitiis
1659 1606 1712 1647 non
1727 1590 1867 1657 molestat,

234 1681 472 1751 queimpcraturis
498 1683 629 1753 ejusdem,
655 1684 700 1765 qui
723 1682 802 1737 nobis
818 1695 913 1751 proco
936 1679 1025 1734 huam·
1078 1688 1240 1743 transnatari
1261 1696 1313 1742 mae
1334 1702 1384 1758 per
1406 1686 1553 1758 apostatica
1578 1686 1679 1753 scripta
1704 1682 1869 1738 mandamus

234 1775 298 1829 liter
311 1776 481 1845 stipationem,
502 1776 528 1829 ιιι
553 1775 669 1832 ecclesia
692 1776 797 1830 Sancte
818 1774 926 1845 Sophiae
941 1774 1023 1842 recipi
1040 1743 1063 1799 B
1078 1790 1213 1852 qnatenus
1234 1782 1269 1835 ab
1292 1781 1380 1851 ipsias
1403 1793 1485 1849 snper
1505 1777 1655 1850 praernissis
1676 1776 1869 1833 molestatione

235 1868 319 1922 lactas
335 1868 361 1919 ιι
377 1867 538 1922 ⁶³⁰0¹¹¹⁰¹¹¹¹¹
552 1876 580 1921 0²
596 1866 622 1921 Ῑι
637 1867 759 1930 stillent»
778 1866 935 1921 'lanitium
960 1879 1026 1935 apu-
1079 1878 1198 1932 imtclita
1212 1876 1418 1947 conquiescens,
1438 1873 1597 1944 propositos
1612 1871 1750 1927 institutos
1775 1869 1802 1924 in
1825 1870 1870 1925 eis

235 1958 360 2010 stolirunt
375 1956 465 2011 taliter
480 1954 639 2026 impleturus
649 1958 718 2026 quod
735 1966 780 2012 tua
794 1955 952 2012 iraternitas
962 1970 1026 2023 pua·
1077 1970 1171 2024 ianm(-
1191 1969 1218 2023 (n
1237 1982 1304 2037 μορ
1317 1966 1441 2022 (timiam
1453 1964 1525 2035 quod
1538 1966 1610 2018 (nter
1622 1969 1649 2017 te
1670 1976 1703 2017 aa
1717 1960 1868 2031 imperato-

233 2046 268 2101 sit
281 2046 376 2101 ιιιιιιιι
394 2046 490 2101 ιιιιιιιο
502 2046 697 2102 commendari.

269 2138 364 2192 [tatum
379 2136 515 2205 Laterani,
535 2146 599 2201 etc,
621 2146 649 2192 at
668 2138 773 2193 irratio.
860 2138 863 2145 “

572 2227 663 2284 citt.

232 2338 392 2381 rantsstuast
414 2337 551 2388 rucuma,
571 2336 605 2375 er
629 2334 780 2375 uantssuast
801 2334 1022 2377 aucuteutscorts.

373 2414 411 2468 tte
420 2411 704 2483 (irtctitateprtcstauda
717 2412 880 2481 imperatori.

481 2506 603 2576 (Datum,
614 2514 641 2557 at
656 2506 682 2559 in
698 2504 776 2575 nita.)

269 2598 451 2656 Clmrtssinms
481 2598 509 2651 iu
540 2596 649 2652 Ctnisto
678 2596 750 2651 hlius
775 2606 868 2653 noster
891 2596 1023 2655 llenricus

233 2688 549 2758 Cuttstautinopolitauus
574 2689 721 2757 insuperator
747 2689 860 2744 illustris
880 2705 928 2745 sua
945 2690 1023 2747 nobis

235 2782 428 2854 conquestione
445 2782 608 2837 monstrauit
623 2781 695 2850 qnod
718 2781 838 2850 quidam,
857 2794 911 2838 tam
934 2784 1022 2839 Latini

234 2890 316 2945 quam
331 2873 418 2945 Graeci
436 2871 630 2941 archicpiscopi
652 2878 680 2925 et
698 2871 830 2943 episcopi,
846 2882 873 2928 et
894 2874 1023 2945 imperia—

1077 2060 1256 2129 semipsum,
1285 2059 1358 2130 quod
1385 2058 1474 2113 absit!
1507 2070 1560 2111 nun
1591 2053 1679 2125 possit
1706 2052 1866 2109 scandalum

1075 2150 1185 2205 exoriri.
1206 2153 1235 2177 “·

1112 2242 1207 2297 ttatum
1220 2240 1362 2307 Laterani,
1379 2256 1399 2297 tt
1413 2237 1484 2296 tlon.
1499 2239 1671 2305 Norembris,
1702 2250 1774 2293 anuo
1797 2236 1869 2292 dno·

1075 2330 1189 2388 deciano.

1415 2423 1518 2481 cath.

1425 2534 1516 2574 eruca,

1127 2606 1191 2669 Noa
1203 2608 1281 2666 licere
1293 2608 1450 2680 patriarcha
1462 2610 1537 2663 ttraire
1551 2606 1623 2663 aedes
1636 2604 1802 2679 episcopales

1250 2699 1401 2771 (Laterani,
1415 2715 1435 2754 ιι
1449 2698 1518 2754 Nun.
1532 2696 1716 2771 Nouembris.)

1111 2790 1207 2848 Oblata
1232 2792 1310 2866 uobis
1338 2779 1491 2848 charissimi
1510 2792 1536 2845 ιιι
1562 2790 1672 2848 Christo
1697 2790 1745 2845 tilii
1775 2788 1868 2845 nostri

1074 2884 1185 2942 tlenrici
1219 2883 1510 2955 Constantinopolitaui
1543 2881 1718 2953 imperatoris
1748 2880 1867 2937 illustris

232 2964 298 3019 tium
313 2962 543 3019 monasteriorum
566 2962 687 3025 abbates,
703 2960 737 3014 de
758 2970 814 3016 toto
838 2962 952 3032 imperio
968 2964 1021 3019 lto·
1073 2978 1233 3048 conquestio
1246 2976 1376 3047 pffleppcp
1389 2976 1462 3046 quoq
1488 2974 1662 3045 091500921119
1678 2972 1746 3029 paq,
1763 2981 1791 3027 e(
1806 2968 1865 3025 Εῃ.

232 3055 330 3111 manioe
353 3053 507 3109 trdctttatem
523 3052 547 3107 ci
563 3051 681 3107 debitam
706 3048 798 3107 lacere
817 3056 1019 3113 contradicunt.
1036 3085 1058 3146 C
1075 3070 1176 3127 qqocqi
1201 3070 1351 3124 eqqsqpnqq
1374 3069 1402 3123 (n
1426 3077 1504 3138 pane
1518 3065 1685 3122 vammum
1709 3066 1803 3129 ῃῃῑςιι,
1829 3078 1865 3119 ρο

231 3148 358 3204 N⁰¹⁰¹¹¹⁰⁵
375 3148 455 3220 igitur
469 3146 538 3218 tt¹¹⁰d
552 3144 622 3202 idom
637 3160 685 3202 ιιι
698 3142 805 3217 justitia
827 3146 1017 3216 defraudetur·
1075 3164 1185 3236 penitus
1201 3160 1364 3226 inconsulto,
1379 3159 1407 3215 iu
1423 3161 1509 3230 ipsius
1523 3158 1709 3232 praeiudicium
1723 3167 1750 3212 et
1764 3173 1865 3229 grara-

232 3239 392 3294 lrateruitati
409 3248 506 3294 restrae
520 3251 569 3308 per
582 3241 730 3308 apostolico
745 3241 847 3310 scripta
860 3241 1021 3296 mandamus

232 3343 377 3405 quatenus,
391 3331 413 3388 si
427 3333 514 3388 dietus
529 3331 677 3401 inperator
690 3333 722 3387 de
743 3331 834 3402 aliquo
846 3333 1020 3403 praelatorum

230 3429 362 3496 ipsorum,
375 3426 422 3496 qui
442 3425 467 3481 ei
488 3435 616 3480 recusant
632 3424 791 3481 tidelitatem
809 3426 927 3481 debitam
942 3427 1021 3480 extri-

229 3515 307 3584 berc,
331 3531 407 3571 suam
432 3530 525 3571 coram
549 3515 626 3570 robis
648 3515 803 3587 deposuerit
821 3518 1020 3586 arcuationem,

229 3619 342 3663 eoscos
371 3606 450 3662 adid
476 3605 625 3662 monitione
650 3607 791 3676 praetulisse
813 3623 1019 3678 percensuram

231 3699 438 3756 ecclesiasticam
455 3698 562 3755 sublato
584 3698 772 3769 appellationis
793 3693 935 3755 obstaculo
951 3717 1020 3771 prae-

231 3793 395 3847 alteratione
418 3791 531 3860 cogatis.
555 3791 633 3856 Qttod
655 3791 751 3846 sinon
776 3805 870 3846 orarius
886 3791 920 3848 iis
941 3806 1022 3848 case·

230 3884 355 3956 querulis,
372 3891 437 3949 etc..
450 3883 504 3938 duo
514 3892 646 3949 restrum,
661 3874 732 3950 etc,
742 3892 770 3936 at
787 3883 814 3938 ia
829 3882 883 3938 atio

231 4099 437 4143 ancttteatscoro
452 4081 624 4152 vautsstenst,
640 4103 675 4142 ΕΤ
687 4101 810 4144 nataturo
823 4097 1020 4155 southantuttst,

169 4213 173 4220 ·
269 4194 304 4235 lli·
317 4194 421 4235 BECLRO
440 4195 548 4235 SdiiC'l'AE
567 4195 657 4235 mahta
676 4197 709 4235 tte:
728 4195 868 4236 abstentia
886 4197 1020 4238 catasrntt-

269 4287 473 4330 rmoroutrtao.

323 4365 361 4420 De
375 4365 523 4436 prepositis
537 4367 570 4421 ιιι
588 4365 747 4438 imperatore
760 4365 920 4422 curialitatis.

461 4458 611 4530 (Laterani,
629 4470 657 4513 at
672 4461 699 4514 ia
711 4459 789 4531 atta.)

266 4545 382 4606 Grarem
410 4541 445 4605 ad
473 4564 522 4606 uos
548 4551 725 4606 elaurissimus
750 4551 778 4604 tu
810 4549 919 4606 Christo
946 4549 1019 4606 tilius

232 4650 324 4699 noster
356 4641 489 4698 ltcrtricus
527 4641 845 4712 Constantinopolitanae
870 4642 1021 4712 imperator

231 4737 346 4791 illustris
367 4735 567 4806 querimoniam
589 4734 746 4802 destinarit,
767 4734 837 4803 quod
857 4731 1021 4789 venerahilis

231 4831 316 4884 luatur
348 4833 440 4884 noster
464 4825 619 4898 patriarcha
645 4821 963 4894 constantinopolitanus
993 4822 1020 4876 tn

193 4975 195 4980 .
231 4921 416 4992 praeposituris
438 4920 473 4975 ad
493 4933 555 4974 eam
575 4917 760 4987 spectantibus
780 4929 829 4986 pro
851 4929 906 4971 sue
926 4911 1018 4969 rotun*

232 5014 296 5067 tactis
311 5011 424 5068 arbitrio
445 5009 540 5065 voleus
563 5008 725 5078 praepositos
749 5007 879 5062 ordinare
901 5007 960 5076 ipsu
974 5019 1021 5075 pe-

232 5107 306 5162 nitus
326 5103 491 5169 mcousntto,
505 5101 664 5172 praepositos
680 5099 819 5155 institutus
831 5099 858 5154 in
872 5099 913 5155 eis
933 5107 961 5153 et
975 5113 1021 5152 ea-

233 5199 484 5256 rumdentctericos
509 5206 636 5267 tanquam
659 5193 913 5247 excommunicatos
935 5189 1022 5246 euitat

233 5291 364 5366 tuipsius
387 5288 575 5360 praeiudicium
598 5295 627 5341 et
652 5299 809 5356 gravamen.
829 5283 908 5340 Unde
932 5282 1020 5338 cidem

232 5387 357 5444 dedimus
371 5385 398 5438 tu
410 5381 547 5438 mandatis
563 5392 590 5436 ut
603 5380 638 5436 ab
664 5380 748 5451 ipsius
770 5393 853 5451 super
873 5374 1022 5448 premissis

231 5477 422 5532 molestatione
436 5472 557 5530 indebita
579 5471 789 5543 conquiescens,
805 5468 967 5542 praepostus
979 5465 1022 5520 iu*

232 5570 340 5625 stitutus
355 5567 382 5621 in
398 5566 438 5621 cis
453 5564 544 5620 taliter
565 5565 593 5620 tn
608 5579 676 5634 pace
701 5564 837 5630 dimittat,
856 5561 930 5633 quod
951 5557 1022 5615 tuter

269 5723 326 5794 (Sti
345 5721 413 5781 tide
425 5721 573 5795 ‚epistotam
590 5721 640 5781 tao
653 5721 716 5781 libri
730 5723 805 5780 noui.

1074 3271 1146 3313 ιιιιιι.
1160 3255 1227 3310 Cum
1241 3255 1333 3325 igitur,
1348 3264 1414 3317 cte..
1427 3263 1455 3308 at
1477 3253 1505 3308 ιιι
1521 3253 1588 3318 utta,
1606 3268 1688 3324 arque
1701 3248 1867 3306 mandamus

1075 3357 1211 3419 quatenus
1230 3348 1252 3402 si
1273 3355 1315 3402 est
1328 3345 1377 3412 ita,
1393 3346 1519 3401 uttiouem
1543 3345 1630 3413 ipsam
1648 3343 1739 3399 taliter
1751 3344 1865 3399 studeas

1076 3428 1204 3493 ret'bcarc
1216 3437 1287 3507 quod
1299 3435 1370 3492 inter
1381 3444 1419 3502 te,
1431 3445 1496 3500 ete,
1505 3450 1585 3504 arque
1595 3433 1723 3489 suboriri.
1736 3433 1864 3502 lttioquin

1074 3529 1275 3586 venerabilibus
1300 3527 1431 3584 iratribus
1458 3529 1560 3581 uostris
1584 3525 1790 3596 archiepiscopo
1808 3525 1867 3578 la-

1074 3618 1195 3674 rissiensi
1209 3627 1237 3672 ct
1260 3615 1389 3687 episcopo
1416 3613 1606 3670 salimbriensi
1626 3621 1654 3670 et
1678 3614 1781 3670 dilecto
1806 3615 1865 3670 titio

1073 3713 1177 3766 decano
1191 3707 1298 3764 Sanctae
1312 3705 1406 3760 dariae
1420 3704 1455 3759 de
1477 3703 1610 3759 blakerna
1628 3703 1865 3774 Constantinopo-

1072 3804 1159 3858 litano
1174 3801 1298 3857 dedimus
1310 3797 1412 3853 nostris
1425 3795 1524 3850 litteris
1538 3795 1565 3849 iu
1587 3790 1723 3850 mandatis
1738 3803 1768 3850 ut
1783 3797 1863 3866 quod

1073 3897 1100 3952 iu
1115 3891 1396 3965 praejudiciumipsius
1417 3885 1590 3958 imperatoris
1605 3901 1688 3958 super
1709 3888 1863 3958 premissis

1073 3992 1264 4059 prestantptum
1279 3979 1442 4041 invenerint,
1459 3977 1567 4034 sublato
1581 3977 1774 4048 appellationis
1792 3979 1864 4034 'obs-

1075 4078 1165 4135 taculo
1180 4091 1233 4133 non
1247 4073 1373 4129 ditlerant
1387 4071 1506 4141 legitime
1521 4085 1662 4136 reuocare,
1677 4069 1862 4141 siqnitteaturi

1073 4170 1153 4227 nubis
1164 4169 1186 4223 si
1198 4168 1232 4222 ad
1248 4164 1383 4220 uniendas
1403 4162 1574 4233 episcopales
1591 4161 1682 4230 sedus,
1704 4161 1777 4231 quod
1801 4163 1864 4219 sine

1073 4259 1185 4334 spectati
1200 4255 1326 4312 mandato
1343 4264 1437 4310 nostro
1462 4253 1513 4309 tibi
1535 4268 1589 4310 uon
1614 4253 1687 4320 ticet,
1711 4251 1864 4323 procedere

1074 4351 1211 4412 attentasti
1228 4347 1296 4417 tet).

1039 4447 1060 4501 u
1111 4447 1208 4500 ltatum
1227 4437 1365 4504 Laterani,
1381 4453 1398 4491 u
1412 4435 1480 4495 lion.
1497 4435 1673 4502 lluremhris,
1689 4435 1864 4506 pontilicatus

1074 4535 1160 4594 nostri
1183 4546 1254 4587 anno
1269 4529 1441 4587 duodecimo.

1109 4627 1243 4698 Scriptum
1259 4634 1297 4679 ert
1311 4623 1376 4693 ipsis
1394 4624 1421 4675 ia
1439 4621 1558 4676 eamdem
1570 4619 1677 4675 aradam
1693 4635 1774 4691 aaqrte
1788 4620 1863 4689 quod

1072 4718 1235 4777 venerabilis
1248 4715 1332 4772 trater
1346 4721 1438 4770 noster
1448 4714 1602 4785 patriarcha
1613 4711 1864 4780 ῦοιιιιιιιιιιιοιιοιι·

1074 4827 1162 4881 tanus,
1173 4824 1328 4884 etc.,asque
1342 4811 1438 4878 unirit,
1447 4819 1512 4878 ete,
1521 4809 1656 4875 attonita,
1669 4824 1751 4879 usqae
1763 4819 1864 4878 prara—
1886 4868 1892 4888 .-

1073 4891 1148 4965 rnen.
1157 4905 1233 4964 Unde
1247 4905 1334 4961 eidem
1346 4903 1471 4960 dedimus
1485 4903 1512 4958 ιιι
1526 4902 1673 4970 mandatis,
1687 4910 1716 4956 ut
1726 4899 1749 4955 si
1760 4909 1801 4955 est
1811 4899 1863 4965 ita,
1884 4894 1887 4903 “

1074 4999 1203 5055 ιιιιιιιιιιι
1220 4993 1307 5068 ipsam
1321 4994 1413 5051 taliter
1431 4992 1541 5051 studeat
1556 5005 1685 5048 revocare
1697 4989 1769 5061 quod
1789 4990 1864 5044 iuter
1888 5036 1894 5050 ,

1073 5105 1146 5158 eum,
1161 5099 1228 5156 ete..
1243 5103 1325 5161 arque
1339 5087 1467 5144 suboriri.
1483 5085 1543 5153 Quo
1557 5085 1629 5140 eirca
1640 5080 1798 5138 discretioni
1814 5093 1865 5136 re·

1073 5192 1136 5240 strar
1153 5197 1200 5252 per
1213 5177 1361 5250 apostolica
1385 5179 1484 5249 scripta
1503 5177 1664 5232 mandamus
1681 5183 1816 5244 quatenus
1836 5172 1864 5228 sl

1073 5275 1164 5332 dictus
1191 5271 1346 5343 patriarcha
1373 5268 1530 5325 mandatum
1557 5276 1680 5322 nostram
1711 5263 1865 5333 neglexerit

1073 5362 1242 5436 adimplere,
1257 5377 1306 5418 rus
1316 5361 1388 5432 quod
1403 5361 1430 5415 in
1444 5358 1629 5432 prejudicium
1641 5357 1726 5427 ipsius
1739 5357 1864 5424 impera·

1074 5457 1142 5512 toris
1152 5469 1234 5524 super
1244 5453 1390 5525 praemissis
1402 5458 1595 5523 presumptum
1610 5445 1779 5510 inueneritis,
1794 5443 1865 5500 sula·

1073 5546 1129 5604 tato
1152 5542 1338 5616 appellationis
1352 5542 1492 5601 obstaculo
1513 5555 1568 5598 nun
1591 5535 1722 5598 ditieratis
1741 5534 1865 5608 tepidare
