4109 6325
248 538 251 543 Ι
280 438 312 497 ιι
725 441 922 502 toroculum
942 445 975 502 ιιι
994 446 1048 505 ιι.
1070 448 1310 513 ιιιιιιιιιιι
1327 455 1391 513 ιιι.
1414 452 1468 513 ιιι.
1876 432 1914 526 tu

276 557 383 629 gladius
397 574 572 631 paganorum,
589 558 606 614 ii
620 574 689 630 quos
703 559 757 617 illis
767 563 941 621 concorditer
962 576 1070 639 oportet
1083 576 1106 631 Α
1120 586 1202 644 saper
1215 573 1351 630 interdicti
1362 574 1470 645 negotio
1486 573 1513 629 in
1529 589 1642 647 regnum
1667 574 1771 647 pqgtpae
1791 578 1913 647 promul.

276 651 376 721 opponi
392 652 451 707 siue
464 651 582 722 periculo
593 652 668 723 gran
684 666 821 726 nequeant
832 659 867 714 ad
885 660 1003 719 inuicem
1026 663 1069 719 di·
1119 665 1174 733 gati
1191 680 1240 722 uos
1253 665 1395 721 inductura
1411 667 1539 736 putastis,
1550 667 1734 725 intelleximus
1746 684 1778 727 ea
1791 668 1912 731 maxima

276 742 422 808 scordare,
450 742 540 799 adbuc
565 754 717 815 opportune
740 748 894 817 importune
920 754 1069 823 prudenter
1119 756 1191 812 circa
1208 764 1324 825 quatuor
1338 757 1912 833 comprehendil’rituoquodpriuilegium

276 832 386 889 studeas
400 842 427 887 ct
452 832 597 906 diligenter
625 835 738 894 insistas
760 841 793 896 ad
818 850 926 913 treugas
950 844 1067 903 inuicem
1120 848 1239 921 speciale
1253 864 1303 920 per
1317 851 1472 920 atttiquam,
1488 866 1538 909 nec
1552 851 1713 923 aliquando,
1725 852 1798 909 sicut
1808 854 1912 925 dicitis,

276 924 417 991 ineundus,
433 924 541 993 siiorte
557 927 757 986 dissensionum
786 947 886 991 eatrsas
911 938 1068 1008 nequiveris
1118 940 1262 1008 violatam,
1293 942 1517 999 consuetudinem
1545 944 1736 1015 approbatum,
1757 961 1819 1001 cum
1843 947 1912 1007 nibil

273 1014 654 1087 intercosiudicialiealculo
666 1026 823 1093 terminare,
845 1028 1068 1086 excommunica·
1118 1032 1308 1102 demerueritis
1321 1034 1394 1089 circa
1409 1034 1678 1105 ipsum,couserrari
1697 1037 1776 1094 uobis
1799 1038 1911 1096 bomili-

275 1107 356 1164 tiouis
366 1110 529 1167 sententiam
541 1126 595 1183 pro
609 1114 771 1187 Templariis
794 1118 992 1177 rationabiliter
1003 1136 1067 1192 pro·
1119 1130 1161 1177 ter
1175 1121 1315 1194 flagitatis.
1330 1124 1466 1194 Secundo,
1486 1127 1634 1196 quodcum
1648 1126 1727 1184 entus
1751 1143 1911 1187 comumnes

273 1201 517 1273 tuulgatamusquc
535 1205 569 1261 ad
595 1206 811 1267 satislitctionem
834 1211 997 1283 condignam
1023 1214 1068 1271 ia·
1117 1209 1177 1266 sitis
1189 1213 1270 1283 positi
1285 1214 1451 1281 ruansiones,
1468 1223 1544 1272 tanto
1566 1217 1627 1273 sine
1650 1217 1782 1275 scandalo
1808 1231 1910 1290 quantu

272 1292 349 1349 ciens
361 1292 554 1367 inuiolabiliter
566 1295 720 1363 obseruari.
739 1299 805 1371 Regi
835 1316 942 1373 quoque
963 1305 1065 1374 predi·
1117 1301 1176 1357 sine
1188 1302 1327 1358 consortio
1344 1303 1487 1365 celebrare
1500 1305 1628 1376 poteritis
1650 1306 1779 1364 aliorum.
1805 1306 1908 1376 Tertio,

273 1395 318 1443 cto
330 1388 444 1445 suadeas
456 1390 599 1461 diligenter
614 1402 643 1448 ut
655 1407 688 1448 ea
703 1408 763 1464 que
775 1394 1067 1467 praeiatisTemplariis
1117 1395 1189 1463 quod
1202 1409 1236 1450 ιι·
1252 1397 1438 1453 dissuetudine
1451 1398 1606 1455 celebrandi
1622 1399 1715 1469 grauis
1726 1400 1755 1455 in
1779 1400 1910 1470 religione

273 1476 362 1535 oblatu
378 1480 481 1538 detinet
492 1482 665 1565 mittosjuste
680 1486 818 1552 restituat,
835 1495 863 1543 et
876 1488 929 1544 alia
942 1502 994 1545 nec
1017 1506 1066 1546 au·
1115 1484 1224 1555 iactura
1238 1498 1267 1544 ct
1290 1488 1318 1543 itt
1342 1489 1439 1545 ordine
1462 1488 1605 1547 dissolutio
1628 1498 1757 1547 secutura
1788 1491 1908 1550 timetur.

273 1572 349 1629 ferre
361 1588 411 1631 nec
423 1575 546 1634 detinere
560 1588 706 1647 praesumat
723 1578 837 1649 injuste,
862 1594 896 1637 ιι
912 1588 990 1651 parte
1010 1591 1065 1637 tam
1117 1579 1233 1650 Quarto,
1246 1581 1311 1653 quia
1338 1596 1389 1653 per
1413 1582 1631 1639 irtrnaolatiouem
1659 1583 1757 1639 bostise
1782 1582 1910 1640 salutaris

273 1674 367 1721 nostra
382 1682 463 1734 quam
484 1678 528 1724 tua
549 1669 600 1727 sibi
618 1670 736 1755 ¹fortiter
756 1672 947 1753 comminando
972 1684 1000 1731 et
1023 1675 1065 1731 in·
1116 1670 1327 1745 Deris,iucujus
1341 1689 1421 1730 manu
1433 1676 1625 1746 corregisest,
1641 1684 1669 1731 et
1686 1690 1908 1747 quocunque-ro·

270 1760 443 1819 terminando
457 1768 686 1839 prudenterquod
701 1784 762 1825 cum
790 1770 935 1828 abstulerit
960 1769 1014 1827 illis
1033 1784 1066 1826 ea
1116 1761 1198 1820 luerit
1209 1774 1297 1823 vertet
1309 1766 1386 1833 illud,
1401 1767 1483 1824 citius
1497 1782 1580 1838 super
1594 1768 1647 1825 ¹¹⁰0
1668 1777 1826 1839 iliiiiilssl
1849 1782 1910 1825 0⁵⁵⁰

272 1870 322 1925 per
331 1870 391 1927 quse
409 1870 559 1929 repugnare
570 1869 680 1930 possent
695 1862 814 1933 perlidite
828 1879 1004 1936 paganorum,
1019 1851 1080 1921 uo?
1116 1858 1275 1928 placandus,
1288 1870 1319 1916 ut
1330 1861 1418 1931 ipsunt
1433 1875 1449 1915 a
1464 1876 1513 1917 sua
1525 1860 1625 1917 duritia
1642 1869 1796 1919 ιιιιιιιιι.
1811 1861 1910 1918 ιιιιιιι

273 1948 387 2004 rendum
404 1950 498 2019 procul
507 1951 588 2009 dubio
603 1953 655 2009 sibi
667 1956 720 2011 erit
735 1970 778 2023 ne,
792 1973 843 2013 nou
855 1958 980 2013 obstante
991 1956 1066 2027 quod
1116 1951 1208 2021 itaque
1222 1966 1284 2007 eum
1301 1950 1432 2008 iratribus
1456 1953 1559 2009 uostris
1586 1952 1708 2025 diligenti
1738 1961 1866 2019 tractato,
1882 1960 1910 2007 et

273 2036 447 2097 Cbristiauos
459 2055 513 2097 non
529 2042 690 2113 impugnare
702 2055 847 2112 noverunt,
870 2054 1011 2103 armentur
1037 2046 1065 2102 in
1117 2042 1224 2115 iisque
1237 2059 1287 2114 pro
1300 2044 1431 2116 petitione
1443 2044 1574 2116 praedicta
1589 2058 1652 2101 cum
1663 2044 1719 2099 illis
1731 2058 1792 2114 que
1814 2051 1908 2100 contra

271 2133 373 2201 ipsum,
389 2131 436 2202 qui
449 2132 490 2189 sic
504 2147 552 2190 eos
564 2134 729 2191 debilitando
748 2135 855 2191 uidetur
869 2151 989 2207 paganos
1001 2151 1066 2193 eou-
1116 2132 1202 2203 ipsam
1221 2133 1312 2189 lacere
1326 2133 1488 2191 uidebantur
1502 2144 1596 2191 nautua
1617 2135 1838 2205 cotnpensatioue
1852 2136 1908 2191 col-

272 2232 313 2278 ιιι
330 2223 533 2293 ipsosarmare,
557 2228 675 2283 maxime
699 2226 762 2283 dum
780 2238 892 2299 propter
908 2227 960 2283 boc
983 2236 1025 2284 est
1049 2243 1065 2283 a
1116 2220 1200 2289 latis,
1227 2236 1324 2278 causas
1352 2219 1443 2279 causis
1467 2224 1622 2281 invenimus
1645 2239 1807 2295 repugnare.
1832 2223 1909 2281 Licet

205 2380 214 2393 ι
271 2315 464 2371 communione
486 2315 605 2373 bdelium
628 2326 797 2389 segregatus.
826 2318 893 2373 Gttm
921 2325 1011 2375 autem
1032 2317 1067 2376 de
1116 2314 1188 2370 enim
1203 2314 1283 2371 nobis
1298 2316 1332 2371 ab
1343 2315 1421 2371 initio
1438 2316 1587 2386 placuisset
1609 2324 1640 2372 ut
1668 2318 1740 2374 circa
1755 2333 1805 2373 ros
1829 2317 1907 2389 juxta

271 2416 353 2463 terne
371 2417 473 2464 sanctas
494 2407 719 2476 necessitatibus,
734 2409 907 2480 quantumin
921 2425 953 2467 ea
977 2419 1067 2483 potest
1116 2408 1250 2479 privilegii
1266 2408 1483 2465 uestritenorem
1506 2410 1627 2482 ejusdem
1654 2409 1791 2468 interdicti
1812 2410 1909 2465 luisset

272 2500 306 2556 ab
321 2501 430 2557 bomine
444 2502 597 2572 procurari,
613 2502 640 2559 in
655 2510 728 2559 tuam
741 2502 895 2574 specialiter
924 2504 996 2561 intor
1016 2504 1066 2562 bo·
1116 2500 1251 2557 sententia
1263 2510 1424 2573 temperata,
1451 2502 1515 2574 quia
1544 2511 1638 2560 tamen
1662 2504 1690 2559 bi
1714 2504 1762 2575 qui
1788 2502 1909 2559 tulerant

272 2594 360 2651 mines
374 2594 500 2651 liduciam
517 2595 692 2667 respiremus,
704 2610 831 2669 rogamus
847 2606 874 2653 et
886 2598 1066 2656 obsecramus
1115 2592 1239 2648 eamdem
1254 2595 1446 2650 auctoritatem
1462 2595 1641 2667 apostolicam
1658 2596 1826 2662 baboemnb
1841 2595 1908 2651 ”ihil

272 2686 300 2741 in
319 2686 433 2743 [lomina
446 2685 509 2743 lesu
523 2685 634 2743 Christo
650 2696 783 2757 quatenus
797 2688 849 2743 ctsi
875 2696 988 2759 peccata
1016 2703 1065 2758 po·
1115 2685 1143 2740 in
1156 2685 1241 2756 ipsius
1251 2686 1387 2758 privilegii
1400 2686 1587 2758 prejudicium
1600 2686 1702 2744 iactum
1715 2702 1776 2745 esse
1788 2689 1906 2755 uidetur,

271 2776 328 2848 puli
341 2784 415 2833 tauta
427 2777 563 2848 sintquod
577 2780 677 2835 nedum
690 2788 769 2834 uetus
778 2776 914 2850 flagellum
940 2787 1066 2835 auertere
1115 2776 1187 2847 quod
1204 2777 1279 2832 salua
1304 2793 1414 2849 semper
1440 2780 1604 2836 auctoritate
1628 2780 1757 2851 predicta
1782 2780 1907 2837 noscitur

273 2878 445 2937 mereantur,
460 2868 649 2925 verumetiam
666 2884 766 2926 nouum
781 2868 907 2940 excipere
920 2868 994 2940 digni
1021 2884 1066 2925 es·
1115 2882 1176 2926 esse
1190 2884 1360 2929 concessum.
1376 2870 1492 2943 Propter
1507 2871 1580 2943 quod
1594 2873 1645 2943 ipsi
1661 2888 1770 2943 quoque
1791 2888 1905 2928 cousue-

271 2968 345 3027 scnt,
359 2961 423 3030 quia
437 2965 527 3016 tanuen
542 2960 614 3015 beus
630 2960 742 3017 indultae
759 2960 953 3016 misericordie
964 2959 1064 3032 iniqui·
1115 2960 1213 3027 tudini,
1226 2975 1287 3031 qun·
1300 2961 1429 3017 nimirum
1445 2971 1473 3018 et
1488 2978 1523 3019 ex
1537 2964 1596 3034 ipso
1607 2970 1635 3020 et
1647 2977 1708 3019 com
1725 2964 1783 3033 ipso
1797 2977 1908 3032 proces·

272 3062 345 3109 tates
360 3052 480 3123 singulas
492 3066 546 3107 non
561 3050 700 3117 observat,
716 3065 767 3107 nec
783 3051 953 3121 sperantium
982 3052 1009 3107 in
1035 3067 1066 3109 se
1115 3053 1162 3119 sit,
1177 3068 1233 3109 noo
1244 3062 1286 3109 est
1299 3052 1523 3124 praejudicialiter
1537 3056 1709 3127 derogatum,
1724 3070 1775 3126 pro
1799 3069 1852 3126 qua
1878 3055 1906 3109 iu

272 3143 462 3202 alllictiouibus
486 3142 653 3210 delectatur,
681 3142 883 3200 tribulationem
914 3157 1065 3216 pauperum
1116 3143 1169 3202 ltoc
1192 3144 1345 3216 presertim
1375 3146 1491 3204 articulo
1514 3148 1700 3206 conservanda
1722 3161 1820 3220 rogare
1844 3160 1908 3202 sero

273 3237 433 3308 pronunties
448 3245 511 3292 ante
522 3238 621 3308 ipsum,
648 3244 675 3293 et
691 3236 720 3290 in
738 3245 885 3306 conspectu
908 3235 967 3306 ejus
989 3245 1063 3291 tuam
1077 3261 1099 3321 c
1115 3235 1245 3292 videmini
1260 3235 1415 3303 recordati;
1432 3239 1652 3310 quandoquidem
1665 3254 1748 3309 super
1759 3240 1811 3296 ltoc
1834 3245 1910 3309 post-

272 3331 425 3387 orationem
443 3327 577 3395 edendas,
602 3335 631 3383 ut
645 3336 673 3382 et
690 3326 796 3398 culpam
812 3326 898 3382 diluat
912 3336 940 3384 et
952 3342 1063 3398 poenam
1117 3341 1200 3398 quam
1213 3325 1389 3382 interdictum
1404 3328 1540 3400 coepistis,
1551 3345 1603 3385 nec
1616 3329 1759 3401 privilegio
1770 3345 1821 3385 nec
1842 3344 1910 3384 cou-

274 3431 399 3489 suettat,
428 3435 488 3476 cum
515 3420 599 3489 ipsius
636 3417 771 3488 adiutorio
796 3419 919 3489 prebens
944 3433 1063 3494 operam,
1116 3418 1262 3479 suetudine
1277 3421 1451 3490 rostuendo,
1467 3435 1587 3492 serame,
1601 3421 1776 3496 praeposteris
1802 3421 1836 3479 ιι
1856 3435 1912 3480 tuos

272 3523 355 3592 pretii
365 3512 477 3588 polerit,
493 3510 630 3574 efficacem
646 3511 680 3572 ad
695 3519 794 3571 terram
807 3531 893 3587 ipsam
915 3516 988 3572 iuter
1008 3517 1062 3573 cir·
1116 3516 1243 3587 precibus
1255 3515 1420 3581 recurristis,
1435 3531 1491 3572 non
1501 3517 1672 3574 attendentes
1695 3517 1809 3574 forsitan
1833 3517 1911 3586 quod

274 3620 441 3668 cuntstsntes
455 3611 596 3682 angustias
609 3611 838 3669 conservandam.
851 3610 906 3668 Nos
919 3612 1003 3678 euim,
1016 3612 1065 3683 qui
1116 3623 1160 3664 ιιι
1175 3609 1233 3680 ipsa
1248 3609 1435 3680 roultiplicitet·
1457 3616 1499 3666 est
1521 3624 1556 3665 ιι
1573 3608 1666 3665 multis
1693 3609 1910 3665 circumstantiis

271 3707 388 3778 prosuis
403 3705 542 3762 doloribus
556 3719 673 3762 ntoerore
696 3705 830 3762 afficimur
858 3713 913 3762 tota
936 3705 989 3772 die,
1012 3719 1066 3761 uec
1117 3710 1273 3774 aggravata,
1287 3711 1401 3774 propter
1413 3715 1482 3771 quas
1492 3698 1601 3756 dillicile
1612 3701 1668 3770 iam
1683 3709 1725 3756 ιιι
1735 3700 1909 3769 nostr-ispre·

272 3797 441 3854 cesserimus
452 3797 594 3860 hacteuus,
609 3809 660 3852 nec
673 3810 823 3864 cessamus,
838 3797 865 3851 in
881 3804 1012 3867 quantum
1024 3794 1065 3850 ui·
1116 3795 1193 3850 cibus
1207 3794 1399 3858 condescendi,
1413 3793 1512 3862 quibus
1528 3791 1599 3848 iorte
1624 3790 1705 3847 iucile
1720 3790 1853 3862 potuisset
1881 3792 1909 3845 in

271 3901 318 3943 res
334 3887 464 3942 Dominus
478 3885 660 3953 administrat,
673 3896 854 3955 opportunum
867 3887 918 3942 sibi
932 3899 1065 3956 procura·
1115 3887 1249 3957 principio
1268 3885 1415 3958 prouideri.
1430 3884 1503 3940 Sane
1517 3884 1540 3939 si
1555 3899 1614 3950 retr,
1632 3897 1694 3940 cum
1708 3897 1763 3952 quo
1792 3882 1909 3938 ιιιιιιιι

272 3992 482 4035 resuecursum.
495 3977 528 4033 Et
546 3992 607 4034 cum
628 3977 685 4046 jam
702 3977 825 4048 l‘ltilippa
846 3976 983 4050 quendam
996 3977 1065 4032 dttec
1115 3986 1226 4037 nonest
1251 3979 1279 4034 in
1309 3979 1360 4033 bac
1383 3991 1473 4048 pugna
1494 3975 1662 4042 luctandum,
1684 3987 1718 4029 ιι
1746 3988 1909 4051 quacunque

273 4068 381 4126 Suesia}
392 4069 567 4140 interempto,
584 4083 616 4125 ac
628 4069 794 4129 citatissimo
819 4068 846 4123 in
873 4066 983 4125 cbristo
1008 4068 1063 4125 lilio
1115 4079 1194 4142 parte
1208 4071 1359 4126 lentescere
1371 4083 1421 4124 uos
1433 4067 1558 4131 sentiret,
1572 4067 1606 4122 de
1623 4073 1714 4121 nostra
1725 4063 1842 4121 sortasse
1858 4079 1908 4119 su·

272 4173 366 4218 nostro
383 4162 481 4218 illustri
498 4175 561 4232 rege
576 4161 676 4218 Ottone
688 4161 714 4216 iu
737 4161 922 4217 llomanorum
944 4161 1063 4232 impera·
1115 4169 1203 4218 meret
1216 4159 1356 4217 debilitate
1369 4160 1500 4231 uigorem,
1515 4158 1710 4229 etsuspicatus
1736 4171 1769 4212 etr
1793 4156 1908 4228 pusilla·

273 4266 360 4312 tot-em
374 4255 461 4313 electo
475 4266 560 4313 totum
574 4255 717 4326 imperium
731 4255 880 4320 obtinente,
906 4254 990 4326 ipsius
1022 4256 1063 4311 di·
1115 4253 1239 4310 nimitato
1253 4267 1303 4308 nos
1318 4251 1410 4308 iacere
1420 4251 1493 4324 quod
1506 4265 1539 4306 ιι
1551 4248 1720 4321 prouidentia
1741 4247 1906 4314 laceremus,

273 4349 382 4406 scordia
393 4350 427 4406 sit
441 4349 544 4415 sedata,
568 4363 628 4419 quoe
653 4361 814 4404 succursum
836 4345 957 4418 ejusdem
983 4357 1064 4403 terrae
1114 4342 1277 4416 prevalendi
1301 4342 1401 4399 litlucia
1427 4350 1504 4398 tanto
1530 4348 1626 4398 contra
1655 4355 1752 4396 manus
1774 4339 1909 4394 arctantis

273 4441 462 4512 multiplieiter
478 4439 627 4511 impedivit,
646 4439 796 4494 insistimus
807 4439 974 4494 incessanter
995 4448 1025 4492 ut
1037 4439 1062 4494 ei
1114 4452 1175 4494 eum
1189 4437 1358 4508 pertinacius
1369 4450 1399 4492 sc
1410 4442 1559 4507 opponeret
1572 4441 1674 4504 quanto
1684 4431 1785 4489 lentius
1802 4442 1910 4487 cassan

271 4534 377 4606 plenius
394 4535 725 4592 etiortiussuccurmtur.
746 4531 882 4588 Preterea
906 4547 957 4588 non
982 4540 1008 4586 te
1023 4529 1057 4584 la·
1114 4528 1250 4586 conamini
1275 4528 1410 4585 restitisse
1434 4534 1551 4596 putaret.
1573 4525 1710 4581 Praeterea
1745 4523 1834 4578 uisum
1865 4530 1910 4578 est

228 4635 235 4691 t
272 4636 329 4683 teat
340 4628 413 4698 quod
427 4627 454 4682 in
470 4623 594 4698 proximo
604 4624 751 4695 quamdam
767 4625 908 4695 pecuniam
931 4639 984 4679 non
1007 4637 1063 4678 mo
1079 4615 1186 4692 bquod
1201 4635 1255 4676 uon
1268 4621 1355 4676 solum
1367 4619 1459 4675 clerici
1473 4615 1628 4681 saeculares,
1642 4614 1731 4684 sedet
1741 4613 1787 4669 alii
1797 4627 1910 4685 quoqne

228 4717 232 4762 i
273 4720 362 4775 dicam
386 4719 557 4790 disponimus
582 4715 728 4781 destinare,
749 4715 939 4787 assignandam
964 4713 1011 4769 tibi
1036 4723 1064 4770 et
1115 4711 1247 4784 religiosi,
1263 4713 1285 4767 si
1301 4711 1395 4781 petitio
1421 4717 1513 4779 uestra
1532 4714 1746 4778 consequeretur
1767 4703 1907 4768 ellectum,

272 4811 435 4882 Templariis
449 4824 483 4865 ac
506 4806 635 4863 [tabibus
650 4804 805 4876 llospitalis,
830 4813 857 4860 ct
881 4804 908 4860 iu
931 4804 1063 4858 utilitates
1114 4803 1242 4874 adgrare
1259 4809 1370 4874 possent
1391 4798 1550 4857 scandalum
1573 4796 1748 4863 commoneri,
1772 4811 1834 4852 cunr
1860 4795 1910 4850 isti

273 4904 393 4974 eiusdem
408 4911 499 4968 terre,
514 4906 592 4969 prout
606 4898 733 4970 expedire
753 4895 899 4964 videbitur,
922 4911 1064 4968 exponen·
1115 4893 1274 4964 religionem
1287 4900 1406 4949 uestram
1422 4890 1634 4962 quodammodo,
1648 4903 1681 4944 ex
1693 4889 1809 4959 eoquod
1830 4885 1910 4942 deci·

273 4999 347 5054 dant.
371 5003 447 5038 W*
1115 5001 1175 5042 mas
1187 4986 1307 5056 ipsorum
1322 4985 1474 5056 percipitis,
1488 4982 1660 5050 emulemur,
1674 4997 1707 5038 ac
1719 4980 1847 5038 solatium
1859 4994 1909 5036 rc·

308 5088 406 5142 bertum
421 5087 550 5142 Laterani
563 5103 592 5142 ιιι
618 5085 687 5142 Non.
703 5083 803 5151 llartii,
819 5080 992 5153 ponttsscatus
1014 5096 1063 5137 no-
1114 5078 1338 5150 putantessocios
1360 5077 1462 5134 babere
1483 5090 1637 5148 ptenamm,
1661 5075 1772 5144 grauius
1795 5081 1911 5142 torque·

271 5181 321 5237 stri
333 5194 404 5237 anno
419 5179 586 5237 duodecimo.
1116 5181 1211 5226 rentur
1228 5185 1262 5226 ιι
1274 5183 1317 5235 eo,
1331 5170 1353 5226 si
1367 5170 1521 5226 tacentibus
1535 5167 1602 5238 ipsis
1615 5181 1662 5222 ros
1679 5165 1837 5222 intermissa
1865 5163 1910 5218 ui-

645 5269 691 5327 lll.
1048 5251 1052 5256 ’
1116 5264 1212 5318 decent
1233 5261 1322 5319 cilicia
1345 5262 1536 5333 resumpsisse,
1558 5274 1641 5331 quam
1666 5258 1690 5314 si
1712 5271 1851 5326 rturrqunm
1872 5257 1911 5310 ab

270 5377 463 5432 ιιιιιιιιιιιιι,
487 5375 691 5424 ιιιιιιιιιιιιι,
714 5371 930 5423 oenourtmtco,
954 5371 987 5410 ιι
999 5370 1062 5412 ιιι·
1115 5355 1193 5411 ιιιιιιι
1205 5353 1373 5423 cessassetis,
1389 5368 1457 5425 quos
1475 5353 1566 5423 potius
1576 5350 1634 5407 suis
1656 5349 1759 5405 uellent
1783 5347 1912 5403 moribus

303 5471 438 5526 ¹sturton,
451 5470 484 5512 ιιι
497 5457 709 5521 ιιιιιιιιιιιι,ιιι
723 5461 1063 5507 ιιιιιιιιιιιιιιιιιιιιιιι
1114 5445 1290 5515 cortlormari,
1305 5454 1335 5500 ut
1347 5445 1418 5501 sicot
1426 5443 1551 5515 gaudetis
1564 5456 1627 5497 curn
1649 5438 1842 5510 gaudentibus,
1868 5437 1911 5491 ita

306 5563 413 5606 onotms
428 5561 585 5603 ιιιιτιιιι.
1115 5539 1196 5593 ctiam
1208 5551 1270 5592 cum
1281 5535 1435 5608 lugentibus
1454 5533 1594 5604 lugeretis,
1607 5545 1635 5588 ιι
1649 5531 1687 5586 illi
1703 5530 1760 5601 qui,
1773 5539 1911 5599 quantum

430 5639 582 5708 Derreqotio
595 5636 728 5692 interdicti
752 5634 883 5705 Anglicnn
1115 5630 1148 5686 ad
1165 5631 1224 5695 boc,
1239 5629 1378 5684 uobiscum
1391 5626 1511 5698 gaudent
1535 5623 1615 5699 quasi
1639 5622 1775 5678 simibbus
1797 5619 1912 5691 priuile-

471 5731 610 5801 (Lateraui
625 5745 644 5784 ιι
663 5725 732 5782 lion.
749 5726 863 5799 llartii.)
1114 5723 1178 5792 giis,
1198 5721 1313 5791 gratiam
1325 5718 1402 5775 uobis
1427 5717 1527 5772 iactam
1543 5730 1620 5771 suam
1647 5713 1775 5786 iujuriam
1797 5719 1913 5781 reputa·

307 5825 366 5896 (ld)
382 5821 518 5895 Expositis
533 5821 611 5878 nobis
623 5819 656 5876 iis
669 5833 729 5890 quse
740 5817 774 5873 ad
782 5817 1062 5888 petitioucmuestram
1114 5823 1185 5885 rcut,
1199 5813 1249 5872 nisi
1264 5811 1467 5886 permitteretur
1481 5809 1585 5869 eisdem
1597 5807 1691 5867 saltem
1705 5804 1807 5865 clausis
1813 5803 1910 5875 januis

306 5939 365 6012 (ld)
380 5937 446 5995 lide
460 5938 596 6010 sttprnlib.
612 5955 649 6008 ιι,
663 5939 742 6010 epist.
758 5935 822 6006 259,
839 5935 902 5994 ιιι.
1695 5899 1701 5903 -
