4109 6325
121 286 170 355 tos

590 274 841 343 rourtrtcarus
859 272 952 333 nuno
972 272 1188 349 atttenntstt
1206 271 1286 331 tete.

1698 278 1747 333 tttt

121 411 200 467 etiam
222 405 294 463 idem
312 400 415 459 Lucius
442 398 626 472 praedeeessor
644 404 738 453 noster
756 393 907 465 suprascri·
924 391 1046 457 ,alibero
1056 391 1204 463 possidere,
1222 390 1270 446 sed
1282 389 1363 445 iidem
1377 402 1430 443 non
1455 387 1542 443 solum
1567 401 1662 457 preces
1693 406 1747 448 non

121 510 193 571 ptum
205 494 364 559 mandatum
378 490 571 548 sabinensibus
585 486 908 555 dederitcircumventus,

127 592 252 655 eredens,
266 594 347 659 prout
361 585 385 640 ei
400 592 556 655 suggestum
571 579 717 644 coereeat
732 578 910 635 sabinensem

123 684 307 756 episcopatum
327 674 486 746 praedictum
503 672 591 727 locum
615 679 643 728 et
662 671 805 728 ecelesiam
827 672 911 741 perti-

112 789 196 839 -nere,
212 786 245 827 ac
256 768 402 825 Facienses
413 761 538 820 monacbi
549 760 866 833 propulsandoinjttviam
877 761 911 815 ab

124 866 224 921 eisdem
239 858 435 918 sabinensibus
446 856 595 925 irrogatam
615 854 733 909 retitrerc
756 852 912 909 curaverint

123 953 264 1011 ecelesiam
276 955 463 1013 memoratam,
475 948 586 1017 propter
595 944 646 1000 boe
655 958 708 999 non
718 955 778 999 erat
786 941 912 1015 episcopo

124 1043 258 1099 restitutio
270 1040 414 1104 laeieuda;
438 1038 557 1093 maxime
584 1050 646 1090 cnm
661 1049 676 1087 e
691 1034 780 1090 vicino
803 1042 912 1091 coutra-

125 1136 192 1189 riam
208 1141 280 1189 esset
290 1130 455 1187 senteutiam
469 1142 549 1199 super
564 1125 693 1199 petitorio
706 1136 876 1197 excepturus,
886 1136 914 1181 et

125 1225 168 1296 qui
188 1220 335 1294 petitquovl
351 1220 504 1276 redditurus
517 1230 569 1283 est,
591 1221 681 1277 dolum
702 1220 792 1276 lacere
815 1218 912 1290 digno-

125 1326 225 1379 scatur,
239 1313 311 1368 sicut
329 1312 355 1366 iu
370 1311 495 1366 civilibus
507 1310 611 1382 legibus
623 1312 790 1368 continetur.
813 1310 912 1365 lledie-

126 1414 207 1459 latent
232 1416 340 1472 natoque
361 1400 529 1455 oblationum
551 1400 707 1469 specialium
734 1400 912 1469 quorumdam

126 1498 228 1553 dierum
242 1496 313 1549 idem
327 1494 472 1562 episeopus
487 1491 514 1547 in
530 1492 624 1546 eadent
640 1492 690 1547 sibi
705 1490 820 1547 ecclesia
849 1505 914 1544 ven·

126 1588 242 1647 dicabat,
263 1599 346 1654 qrram
368 1582 456 1638 eidem
480 1580 514 1637 de
539 1581 620 1653 plano
645 1591 805 1653 procuratur
831 1581 913 1637 vestri

126 1676 282 1734 ntotrasterii
298 1674 463 1745 recognovit.
478 1670 526 1729 llis
538 1672 619 1743 igitur
633 1682 661 1727 et
685 1672 746 1727 aliis
767 1669 914 1727 intellectis

126 1784 185 1839 quae
196 1782 291 1823 coram
305 1766 490 1822 cardinalibus
516 1764 680 1835 supradictis
710 1780 774 1837 pars
802 1773 915 1833 utraque

125 1874 281 1932 proponere
291 1857 457 1931 procuravit,
473 1858 537 1929 qnia
552 1858 628 1915 nobis
643 1856 768 1915 constitit
790 1856 915 1927 supradi-

126 1963 201 2009 ctam
215 1952 358 2008 ecclesiam
371 1951 460 2005 Sancti
474 1949 570 2022 Artgeli
595 1952 773 2007 constitutam
800 1964 860 2006 esse
889 1949 915 2004 lu

127 2044 241 2101 dioecesi
256 2043 408 2109 sabinensi,
431 2040 592 2097 decousilio
614 2040 731 2096 iratrutn
759 2048 916 2095 nostrorum

126 2135 282 2207 episcopale
294 2135 338 2205 jus
354 2135 380 2189 in
394 2132 519 2189 otuuibus
531 2132 718 2205 spiritualibus
744 2132 832 2187 eidem
859 2124 918 2203 epi-

126 2242 208 2297 serpo
224 2223 440 2297 adjudicavimus
460 2223 486 2279 in
502 2224 613 2290 eaderu,
640 2223 694 2280 illis
715 2224 848 2279 duntaxat
869 2238 917 2279 ex·

127 2320 217 2389 ceptis
231 2334 291 2389 que
310 2334 360 2391 per
387 2318 541 2374 authentica
559 2317 660 2387 scripta
683 2318 708 2373 ei
723 2317 919 2389 dignoscuntur

125 2428 187 2469 esse
201 2413 351 2477 subtracta,
369 2411 420 2467 boc
438 2412 472 2467 ad
489 2406 623 2466 cautelam
637 2423 776 2480 expresso,
805 2416 835 2464 ut
861 2421 918 2462 nve-

127 2507 255 2562 dietatem
269 2504 434 2561 oblationum
446 2505 634 2576 pretiosorum
644 2504 758 2569 dietum,
768 2516 836 2573 que,
848 2500 919 2555 sicut

126 2598 294 2659 dictumest,
310 2596 363 2667 ipsi
377 2605 538 2667 procurator
552 2594 872 2668 recognovitjatudictua,
891 2592 917 2645 iu

124 2689 220 2742 cariem
237 2686 355 2742 eeclesia
365 2687 480 2758 percipit
493 2678 649 2759 [percipiat]
674 2682 825 2739 aunuatim.
848 2680 917 2749 Qttla

126 2792 190 2835 varo
199 2779 410 2833 instrumentum
422 2778 592 2847 pravitatum,
617 2790 667 2847 per
681 2776 752 2847 quod
776 2774 919 2845 episcopus

81 2914 84 2919 .
125 2866 310 2934 supradictam
326 2868 471 2923 ecclesiam
490 2864 712 2923 itatetulcbatsibi
736 2866 827 2935 quoad
851 2875 919 2918 tent·

962 483 1132 540 admiserunt
1146 482 1239 551 ipsius,
1257 496 1352 537 verum
1366 480 1448 535 etiam
1461 480 1605 537 noluerunt
1617 479 1748 553 aliqtrate-

962 590 1012 629 nus
1027 583 1162 630 sustinere
1172 572 1244 642 quod
1259 572 1346 641 ipsum
1359 572 1502 643 pruisquam
1515 573 1749 644 archiepiscopum

962 666 1128 729 nontiuaret,
1142 674 1295 720 asserentes
1309 665 1445 719 neminem
1460 664 1487 719 in
1497 676 1548 721 suta
1562 663 1686 721 distrtctu
1697 667 1749 721 arisi

961 755 1094 819 Venetam
1114 756 1213 813 debere
1228 756 1269 811 tel
1284 772 1364 826 posse
1374 758 1476 830 pertrui
1498 755 1684 814 ecclesiastica
1708 756 1750 811 di·

962 851 1075 923 guitate,
1088 850 1140 907 nisi
1153 846 1244 905 iorsan
1269 849 1303 903 de
1315 851 1436 923 ipsorum
1460 866 1593 909 consensu
1615 854 1752 909 exstiterit

961 943 1114 999 ordinatus.
1126 940 1194 998 Cum
1204 941 1287 1011 igitur
1298 940 1365 1006 haee,
1375 941 1398 997 si
1411 957 1474 999 vera
1486 954 1560 1011 suut,
1575 946 1602 1001 in
1625 945 1752 1017 praejudi-

963 1034 1034 1090 cium
1048 1032 1103 1089 sint
1117 1033 1252 1089 libertatis
1268 1032 1462 1090 ecclesiastica·
1472 1041 1615 1103 attentata,
1645 1038 1750 1095 discre-

963 1126 1031 1182 tioni
1045 1134 1142 1181 restra
1152 1140 1201 1196 per
1217 1124 1365 1195 apostoliea
1380 1124 1481 1195 scripta
1494 1126 1654 1185 mandamus
1685 1144 1753 1199 qua-

965 1231 1046 1273 tenns
1059 1216 1205 1288 praedictos
1218 1218 1315 1272 ducent
1335 1227 1363 1272 et
1380 1218 1508 1286 populum
1537 1218 1698 1275 Venetorum
1722 1231 1753 1275 ut

966 1310 1055 1380 ipsum
1069 1309 1096 1363 iu
1113 1307 1348 1379 archiepiscopatu
1365 1308 1505 1378 praedicto,
1533 1318 1614 1380 prout
1641 1310 1676 1365 ad
1696 1311 1755 1381 ejus

964 1403 1082 1459 odicium
1100 1402 1227 1472 pertinet,
1244 1403 1405 1469 permittant
1416 1402 1500 1459 libere
1510 1404 1677 1470 ministrare,
1685 1418 1756 1473 prae-

964 1495 1095 1565 cipiuutes
1109 1494 1206 1549 rectori
1220 1502 1248 1548 et
1263 1492 1373 1550 vertetis
1385 1491 1456 1567 apud
1473 1496 1617 1551 bassacium
1633 1512 1757 1552 coutruo·

965 1587 1089 1642 rantibus
1114 1594 1143 1641 ut
1167 1585 1299 1641 restitutis
1325 1585 1405 1642 bouis
1427 1586 1600 1643 bracariensis
1629 1584 1757 1645 Ecclesiae

966 1679 1109 1744 universis,
1125 1678 1214 1733 eidem
1231 1692 1312 1748 suaper
1331 1676 1568 1749 archiepiscopatu
1596 1678 1709 1749 praelato
1728 1688 1757 1735 et
1810 1702 1812 1705 ·

966 1768 1139 1839 pertinentiis
1152 1769 1211 1838 ejus
1224 1768 1324 1823 attilam
1339 1766 1458 1823 inierant
1475 1769 1625 1825 molestiam
1639 1769 1680 1825 vel
1695 1784 1758 1841 gra-

966 1873 1077 1925 vamen,
1090 1858 1224 1914 nrorteatis
1238 1857 1386 1929 prudenter
1397 1865 1426 1911 et
1443 1856 1589 1915 efficaciter
1613 1859 1757 1926 inducatis,

967 1950 1041 2020 ipsos
1053 1945 1088 2004 ad
1104 1950 1167 2017 boc,
1184 1946 1236 2005 nisi
1249 1948 1350 2019 reliquid
1365 1947 1525 2003 rationabile
1538 1964 1624 2019 qrrare
1645 1950 1673 2006 id
1698 1948 1756 2005 lieri

967 2055 1019 2097 non
1036 2039 1130 2096 debeat
1144 2040 1279 2109 obiectum
1296 2040 1377 2097 luerit
1390 2054 1417 2097 ιι
1431 2050 1580 2106 ostensum,
1597 2055 1646 2110 per
1660 2056 1758 2097 censar-

967 2149 1024 2188 ram
1041 2133 1255 2189 ecclesiasticam
1270 2132 1377 2189 sublato
1397 2130 1543 2203 euprsttbet
1565 2129 1760 2188 contradictiu-

968 2222 1010 2278 nis
1024 2233 1052 2279 et
1066 2222 1254 2293 appellationis
1278 2222 1421 2277 obstaculo
1444 2219 1646 2290 compellentes.
1679 2219 1759 2289 Quod

967 2314 991 2369 si
1009 2328 1061 2369 uon
1076 2324 1180 2377 enarres,
1196 2320 1249 2367 ιιι.
1262 2311 1314 2367 duo
1329 2321 1461 2378 vestrmu,
1475 2320 1529 2366 ιιι.

1004 2405 1101 2459 batum
1115 2401 1239 2468 iliter-bii,
1252 2417 1285 2456 xv
1299 2400 1360 2457 llal.
1387 2399 1566 2469 Septembris,
1583 2401 1759 2473 pontilicatus

969 2496 1056 2551 riustri
1075 2510 1146 2552 anuo
1161 2494 1333 2551 duodecimo.

1178 2572 1184 2581 ’
1351 2582 1432 2642 xot.

1216 2695 1372 2736 atnautsrvst
1388 2692 1522 2735 srtscoro.

1160 2813 1162 2816 ,
1271 2770 1309 2824 lie
1322 2771 1460 2827 enderure.

1130 2860 1270 2933 (viterbii,
1290 2876 1324 2915 xv
1339 2859 1398 2918 ttat.
1413 2857 1603 2930 Septembris.)

130 2957 237 3025 puralia
254 2957 311 3027 (ll)
327 2958 483 3023 veridicare,
495 2956 529 3012 ad
545 2955 696 3011 lateierulatn
709 2968 790 3025 suaper
816 2953 867 3007 boc
889 2950 919 3005 ll·
1005 2950 1046 3005 Ex
1062 2949 1160 3005 litteris
1175 2948 1341 3006 venerabilis
1356 2948 1453 3003 iratris
1477 2948 1565 3003 nostri
1587 2949 1762 3006 buraetensts

126 3047 186 3100 dem
216 3047 366 3101 invalidum
391 3062 451 3103 esse
477 3048 663 3117 cognovimus,
692 3054 785 3115 utpote
810 3052 920 3115 propter
934 3069 957 3129 c
973 3041 1282 3112 arclriepiscopiuostvis
1304 3050 1348 3097 cst
1376 3041 1489 3099 auribus
1510 3040 1663 3097 inliteratum
1689 3041 1762 3112 quoti

124 3137 257 3206 pra-dicta
284 3134 404 3206 dejure
432 3148 599 3208 susptccttuu,
629 3150 675 3194 vos
701 3138 735 3194 ab
755 3134 921 3206 impetitione
972 3148 1034 3190 cutn
1050 3131 1178 3191 Ecclesia
1192 3131 1365 3189 liuraciensis
1376 3133 1501 3190 canonici
1524 3133 1650 3190 eumdem
1663 3133 1692 3189 iu
1718 3148 1763 3200 ar·

126 3229 212 3298 ipsius
226 3230 316 3299 qrrnad
340 3230 496 3298 tearrporalia
516 3231 637 3304 ejusdem
660 3229 786 3286 ecelesiae
813 3236 922 3284 senten-
972 3227 1174 3298 clriepiscopunt
1189 3225 1384 3296 etegtssenuet
1398 3227 1563 3284 venerabilis
1577 3226 1762 3283 traversoster

126 3319 232 3373 tiriliter
248 3321 376 3375 duvivuus
391 3319 582 3387 alisnlreudns,
605 3323 691 3377 eidem
704 3336 786 3391 super
811 3320 863 3375 boe
885 3321 923 3376 si·
972 3317 1289 3386 Constatrtinopolitanas
1300 3318 1455 3377 patriarcba
1475 3317 1646 3387 electionem,
1659 3328 1714 3376 etc.
1729 3329 1760 3373 ιιι

126 3412 243 3468 teretium
259 3413 438 3483 impotentes.
453 3411 522 3468 llulli
538 3428 612 3486 ergo,
626 3427 679 3470 ete.
702 3415 782 3480 banc¹
796 3413 922 3485 paginam
973 3415 1000 3468 in
1014 3412 1070 3468 olio
1081 3429 1162 3484 esque
1176 3414 1439 3471 tectorlenetororn
1453 3413 1678 3486 apadlluraeium
1688 3430 1764 3472 com·

125 3511 233 3558 nostrae
252 3501 432 3568 diffinitionis,
445 3513 498 3560 etc.
511 3521 592 3576 arque
606 3505 790 3560 incrusurum.
942 3519 946 3526 ·
974 3502 1151 3569 morantium,
1169 3513 1224 3560 etc.
1241 3513 1268 3558 ιι
1284 3505 1313 3558 t'n
1326 3504 1383 3560 olio
1398 3521 1479 3576 usqae
1490 3506 1617 3563 recedere
1632 3507 1763 3578 coegitab

161 3594 267 3648 Datum
283 3591 395 3650 lllterbii
410 3611 437 3651 ιι
449 3594 519 3652 Non.
530 3595 656 3668 Augusti,
668 3613 739 3653 anno
753 3595 921 3653 duodecimo.
973 3594 1030 3650 illa.
1040 3593 1107 3664 Curp
1126 3594 1287 3664 igiturltaec,
1312 3595 1335 3650 si
1352 3605 1504 3665 cerasum,
1528 3598 1556 3652 iu
1577 3597 1763 3668 prejudicium

480 3685 572 3744 actv,
974 3687 1029 3742 sint
1050 3685 1187 3742 libertatis
1213 3685 1408 3742 ecelesiastica
1433 3696 1577 3753 attentata,
1599 3686 1765 3745 fraternitati

126 3789 253 3831 nanneno
267 3790 457 3832 rrmuernvsr
479 3792 623 3846 sermons,
645 3792 679 3833 er
706 3793 803 3834 aaran
829 3793 924 3834 sancet
974 3788 1027 3834 tuae
1041 3792 1090 3847 per
1107 3775 1257 3848 apostolica
1273 3775 1375 3848 scripta
1390 3779 1553 3836 mandamus
1566 3789 1765 3849 quatenusme·

234 3883 348 3922 xanrtnt
361 3883 394 3922 oe
406 3884 490 3924 cotto
508 3883 669 3924 ceracensis
684 3883 822 3926 nzoeoesrs.
975 3875 1109 3925 moratum
1126 3876 1260 3922 rectorem
1276 3875 1304 3921 et
1319 3866 1437 3924 Venetos
1447 3870 1518 3939 apud
1532 3868 1678 3925 duracium
1688 3885 1765 3926 cout-

237 3955 372 4013 scribitur
382 3960 636 4030 prom-citiepircopo
647 3959 813 4018 dorsatensi.
856 3967 860 3974 '
975 3966 1124 4023 rntnautes,
1137 3967 1166 4011 at
1181 3956 1316 4014 restitutis
1334 3957 1416 4014 bonis
1438 3960 1611 4019 duraciensis
1636 3961 1765 4020 Ecclesiae

293 4049 431 4119 (viterbii,
445 4065 478 4105 xv
490 4049 548 4107 Kar,
565 4049 755 4124 septembris.)
820 4081 831 4098 ι
976 4049 1121 4114 universis,
1140 4048 1230 4104 eidem
1256 4061 1339 4118 super
1361 4051 1596 4124 arenteptseepatu
1611 4055 1726 4125 pretato
1738 4065 1767 4112 et

162 4139 207 4194 Ex
222 4136 495 4195 litterisvenerabilis
521 4138 614 4196 iratris
640 4142 723 4197 nostri
750 4143 924 4200 buraeiensts
975 4141 1146 4211 pertinentiis
1158 4138 1330 4210 alpecellam
1345 4138 1465 4198 inierant
1477 4144 1628 4202 molestiam
1642 4145 1684 4202 vel
1704 4161 1766 4219 gra-

127 4227 332 4298 arcbiepiseopi
352 4225 452 4288 trostris
480 4239 522 4284 est
536 4229 648 4286 auribus
676 4231 828 4287 intituatum
853 4233 924 4304 quod
976 4247 1086 4300 tamen,
1103 4235 1253 4302 prudenter
1268 4245 1381 4293 moneas
1391 4247 1419 4294 et
1429 4239 1553 4304 inducas,
1571 4239 1643 4309 ipsos
1654 4240 1689 4294 ab
1703 4240 1765 4306 boc,

128 4335 192 4374 cunt
225 4318 357 4374 Ecclesiae
395 4319 570 4376 Duracicnsis
597 4321 719 4377 canonici
743 4325 866 4380 eumdem
893 4327 919 4382 in
976 4331 1030 4382 etc.
1041 4333 1070 4380 att
1083 4326 1110 4381 ia
1121 4326 1267 4398 aliamque
1279 4330 1454 4403 compellens.

129 4411 369 4482 archiepiscopum
386 4411 543 4483 elegissent,
559 4421 586 4468 et
602 4413 764 4472 venerabilis
777 4416 863 4473 irater
875 4432 924 4474 no-
940 4411 963 4469 D
1011 4416 1111 4472 [latum
1129 4416 1254 4486 viterbii,
1272 4437 1307 4476 xv
1322 4420 1382 4477 llal.
1404 4421 1586 4488 Septevubris,
1602 4435 1675 4477 anno
1698 4421 1766 4475 duo·

128 4511 187 4558 ster
225 4501 546 4572 constantinopolitanum
579 4507 738 4575 patriarcba
764 4507 924 4565 electionem
975 4508 1092 4566 decimo.

129 4593 326 4649 confirmasset
346 4594 430 4664 ipsius
448 4603 476 4648 et
505 4595 701 4667 inepiscopum
729 4613 926 4669 consecrasset,
973 4601 975 4604 ’
1030 4636 1033 4643 ·

129 4699 252 4755 eumque
265 4685 412 4740 direxisset
425 4683 458 4738 ad
473 4684 591 4755 regimen
605 4687 726 4743 ecclesiae
736 4701 926 4759 memoratae..

129 4789 226 4834 rector
243 4778 420 4843 Venetorum,
441 4775 489 4846 qui
510 4775 616 4845 domos,
642 4782 841 4851 possessiones,
869 4785 927 4842 tire-

128 4883 247 4924 saurunt
263 4877 291 4925 et
305 4869 359 4922 alia
371 4869 441 4924 boua
454 4869 533 4923 dicte
544 4869 674 4926 Ecclesiae
686 4883 845 4944 occuparat,
871 4893 927 4932 non

1322 4599 1414 4658 ttet't.

1047 4709 1135 4749 rtoattt
1151 4709 1214 4752 vtro
1227 4707 1382 4752 attentetoto
1392 4708 1538 4748 coutntxtto
1558 4705 1692 4748 soututs.

1210 4785 1297 4856 Super
1307 4786 1399 4842 eodem
1414 4783 1537 4840 staterio.

1132 4877 1271 4949 (i'iterbii‚
1284 4894 1330 4934 rvr
1345 4876 1405 4933 llal.
1420 4874 1613 4947 Septembris.)

130 4961 261 5030 permisit
284 4961 412 5017 errtrtdem
442 4962 632 5019 barraciensetu
659 4963 763 5036 ingredi
788 4967 926 5024 civitatem
1014 4963 1043 5022 Si
1059 4975 1205 5023 teservum
1224 4968 1399 5040 recognoscis
1414 4967 1487 5023 illius
1509 4965 1555 5037 qui
1577 4979 1671 5020 servos
1699 4979 1765 5021 satos

130 5067 184 5108 nec
201 5053 228 5108 in
240 5050 363 5121 ejttsvlem
379 5051 517 5110 territorio
532 5058 708 5123 eotrrmorari,
724 5069 752 5112 et
774 5075 834 5114 cum
861 5075 928 5130 qua·
980 5059 1091 5128 adoptat
1102 5060 1129 5114 iu
1146 5058 1216 5116 dlios
1226 5069 1254 5116 et
1266 5060 1417 5116 coronatin
1428 5073 1517 5134 reges,
1532 5056 1616 5127 ipsius
1626 5070 1767 5126 monsalvi,

130 5145 197 5198 datu
210 5145 271 5198 vice
283 5155 411 5212 tartunam
424 5159 572 5202 extractous
584 5147 706 5202 eamdem
726 5150 864 5206 civitatem
887 5152 928 5208 in·
980 5165 1041 5220 qrrae
1055 5166 1070 5204 a
1088 5151 1192 5206 dextris
1207 5151 1265 5220 ejus
1280 5152 1306 5206 in
1316 5152 1414 5207 vestitu
1425 5151 1557 5206 deaurato
1566 5148 1701 5214 consistit,
1712 5162 1768 5204 nott

131 5243 248 5298 orasset,
265 5235 354 5302 ipsum
367 5249 414 5303 per
424 5249 488 5290 suos
502 5237 633 5292 satellites
649 5239 774 5294 recedere
793 5241 882 5311 coegit
895 5243 929 5298 ab
980 5243 1067 5296 solum
1082 5252 1108 5297 te
1120 5245 1247 5298 convenit
1259 5258 1311 5298 uon
1325 5241 1473 5302 oilendere,
1491 5255 1586 5297 verum
1610 5241 1694 5296 etiarn
1719 5241 1775 5294 bo-.

131 5324 177 5378 illa
196 5337 329 5393 :propter
346 5325 417 5392 quand
433 5327 564 5381 accedens
578 5323 715 5394 llerreuns,
730 5344 744 5383 a
766 5330 854 5386 nobili
871 5331 929 5386 viro
981 5335 1093 5390 neribus
1105 5337 1264 5404 praevenire.
1280 5336 1397 5390 ludeest
1410 5333 1482 5404 quod
1502 5332 1669 5388 nobilitatem
1693 5343 1769 5386 tuam

131 5415 206 5468 dirce
223 5417 386 5468 terrerentur
401 5419 604 5475 etennsiliariis
613 5419 672 5489 ejus
694 5420 832 5476 humiliter
852 5421 930 5490 petiit
983 5437 1114 5492 rogamus
1129 5423 1261 5478 attentius
1270 5434 1298 5479 et
1307 5438 1457 5491 monemus,
1481 5438 1529 5495 per
1550 5421 1696 5495 apostoliea
1720 5421 1769 5477 ttbt

131 5517 163 5559 ut
179 5509 450 5578 archiepiscopatum
463 5512 623 5575 praedictum
637 5513 723 5582 ipsum
738 5511 930 5580 permitterent
982 5514 1083 5581 scripta
1100 5516 1263 5571 rtrartdantcs
1284 5526 1422 5586 quatenus
1446 5516 1629 5574 reiterabilem
1655 5514 1769 5571 tratrem

171 5683 233 5756 sil)
251 5685 280 5741 lu
298 5694 395 5754 quarta
418 5687 531 5749 collect.
556 5691 717 5762 sparitttuliu.
740 5691 820 5749 llale.
839 5689 929 5748 Codex
947 5688 1068 5748 Colbert.
1080 5689 1162 5748 ltabct
1174 5690 1309 5762 temporati

298 5779 436 5842 Parnes.
463 5782 597 5850 CClll'l.
1563 5783 1582 5846 b
