4109 6325
304 340 375 404 itte

302 558 427 603 stertat
439 556 563 599 ssusuttn
574 555 686 599 cestris
698 556 838 598 rmnosrn
854 558 888 598 er
904 560 1046 600 ιιιιιιιιιίι
1059 560 1095 601 ιτ

533 646 695 689 sancnroars
711 648 866 691 etruscin.

341 723 520 782 senetissimo
540 722 612 779 Patri
629 738 661 781 sc
674 726 785 782 domino
809 724 980 795 inincesrro,
1007 742 1096 785 seero-

303 814 1094 888 sanemRomaneEcclesiaesummepontldei,bernuinus,

303 922 395 963 eomes
408 905 577 961 Flandriaeet
591 906 738 979 llaynouiae
751 920 780 963 et
794 910 916 964 marebio
929 909 1093 975 Namnrcirc,

303 998 682 1069 salutemetpronrptnmcnm
694 998 768 1051 omni
778 997 1094 1057 devotioneianrnlatnm.
1112 996 1116 1001 ’

340 1085 402 1141 Post
426 1086 529 1141 obitmn
553 1086 661 1141 bertrici
679 1086 853 1157 imperatoris
876 1104 935 1155 nos,
958 1106 1011 1145 una
1032 1106 1093 1147 eum

304 1179 473 1249 principibus
489 1178 605 1246 imperii,
618 1178 652 1231 ad
666 1194 733 1247 nuos
746 1180 779 1234 de
788 1180 851 1249 jnre
860 1191 966 1249 spectat
986 1182 1091 1249 electio,

306 1272 341 1326 de
354 1269 478 1341 eligendo
491 1284 554 1339 rege
574 1268 675 1337 saepius
700 1271 886 1326 tractavimus.
913 1270 977 1326 Post
1004 1272 1094 1327 varios

306 1364 414 1418 tandem
426 1360 549 1425 allcetus,
565 1361 636 1415 sient
652 1361 766 1416 Domino
791 1361 905 1431 placuit,
921 1362 948 1416 in
976 1364 1094 1418 serenis-

304 1454 553 1510 siranmdominurn
572 1462 797 1524 nostrnnrregem
813 1452 940 1509 ottonem
965 1455 1043 1511 robis
1067 1463 1094 1510 ct

305 1546 433 1601 Ecclesiae
452 1543 579 1597 linnrante
598 1543 802 1597 devotissimum
823 1553 886 1599 vota
908 1552 999 1599 nostra
1019 1543 1092 1600 celo·

303 1638 423 1692 berrinre
447 1643 643 1689 concurrerunt
671 1652 678 1688 ι
705 1635 751 1703 qui
779 1634 950 1704 postmodum
974 1634 1001 1689 in
1028 1634 1093 1691 sede

302 1728 484 1795 dugrrstorutn
503 1722 665 1793 dqttisgrani
689 1724 873 1780 coronationis
894 1738 926 1778 ac
940 1740 1091 1781 consecra·

1001 336 1195 398 innocentii
1210 332 1245 391 ΙΙΙ
1262 332 1314 392 ΡΙ.

1112 452 1197 517 ΑΙΙεΙ
1224 452 1310 523 pratia
1339 456 1439 505 tenerae
1463 446 1635 505 boloniensis
1658 445 1786 505 Ecclesiae
1812 450 1927 509 minister

1864 336 1926 395 tuot

1148 543 1270 610 lrumllis,
1291 543 1416 601 mentum
1440 541 1599 613 obsequium
1622 550 1650 597 et
1676 542 1814 601 orationes
1832 545 1857 599 in
1878 546 1927 601 bo·

1147 634 1231 691 rnino.
1737 656 1742 661 ·

1182 727 1247 783 Post
1266 728 1370 784 obitnnr
1393 727 1501 785 ilenrici
1526 728 1700 799 imperatoris
1721 743 1771 784 nns
1795 745 1846 785 una
1869 746 1926 786 enm

1146 818 1208 874 aliis
1228 818 1397 888 principibus
1417 820 1452 875 de
1472 818 1661 875 substituendo
1682 820 1860 891 repe'sepins
1876 818 1928 875 ira·

1146 917 1253 965 etantes
1273 912 1346 979 qnod
1364 920 1466 966 satietas
1485 910 1617 969 Romanae
1644 912 1772 967 aeclesiae
1795 914 1928 983 expediret

1146 1000 1313 1071 subditisque
1328 1002 1445 1071 imperii,
1459 1002 1578 1073 qualiter
1591 1018 1698 1073 quoqne
1710 1004 1832 1073 pricrnrn
1847 1006 1928 1077 impe·

1146 1100 1266 1148 ratnrmn
1279 1093 1469 1164 oppressiones
1481 1095 1585 1149 euitare
1603 1110 1743 1164 possemus
1757 1095 1868 1153 sollicite
1881 1096 1927 1153 de·

1146 1182 1328 1242 liberavimus.
1344 1185 1534 1241 Protendinrus
1552 1186 1634 1257 igitur
1655 1187 1759 1242 animos
1777 1198 1883 1243 nostros
1896 1190 1926 1242 ad

1145 1275 1266 1331 diversos
1278 1276 1382 1345 imperii
1395 1276 1545 1347 principes,
1558 1286 1585 1331 et
1601 1278 1671 1332 sicut
1689 1274 1805 1331 llomino
1822 1279 1924 1349 placuit,

1144 1367 1346 1422 serenissimum
1379 1366 1518 1423 dominum
1555 1366 1680 1423 ottonem
1715 1366 1824 1423 llenriei
1855 1370 1927 1423 duris

1145 1455 1268 1513 Sarsoniae
1287 1458 1370 1512 illium
1390 1459 1417 1512 in
1433 1459 1615 1514 llornanormn
1631 1473 1722 1529 regern
1737 1459 1927 1515 rationabilior

1144 1550 1283 1620 elegimus.
1310 1546 1485 1605 Postmodum
1514 1566 1579 1605 uero
1607 1551 1633 1604 in
1652 1549 1835 1621 Arrgrtstnrum
1864 1552 1927 1608 sede

1144 1642 1304 1712 dpnisprani
1323 1643 1490 1710 vocavimus,
1515 1650 1543 1698 et
1562 1643 1633 1697 sieut
1652 1642 1805 1708 debuimus,
1823 1657 1854 1697 ea
1876 1660 1925 1713 qna

1145 1734 1235 1789 decuit
1248 1733 1421 1789 solemnitate
1441 1734 1662 1789 consecravimus
1681 1747 1714 1786 nc
1732 1734 1925 1788 coronavimus.

304 1818 387 1873 rionis
402 1816 596 1887 plenitudinem
611 1831 660 1885 per
682 1832 792 1871 manum
807 1815 910 1871 domini
923 1796 1129 1875 Coloniensisss
1146 1824 1206 1897 ipso
1219 1838 1283 1879 rere
1299 1823 1423 1877 dominns
1440 1839 1484 1879 rex
1506 1824 1532 1878 in
1555 1822 1651 1877 rintorp
1671 1822 1716 1877 bei
1734 1831 1762 1877 pt
1781 1824 1926 1877 reverende

303 1908 511 1979 arebieplseopi,
540 1908 619 1978 cuius
643 1909 696 1965 bue
718 1909 841 1976 interest,
863 1913 1017 1967 cumomni
1039 1926 1093 1981 qrrn

304 2004 397 2059 decuit
411 2002 582 2057 solemnitate
597 2002 694 2057 nteruit
709 2002 841 2058 obtinere.
856 2002 911 2058 Nos
929 2004 1012 2074 igitar
1026 2005 1092 2061 dicti

303 2098 377 2168 regis
396 2085 554 2152 electionem
576 2095 794 2165 rpramloqnidom
814 2093 889 2163 juste
911 2095 1009 2151 laetam
1034 2111 1093 2153 csse

302 2206 356 2245 non
381 2190 547 2256 dubitamus,
575 2196 663 2242 ratam
689 2190 835 2257 babentes,
862 2198 950 2246 terras
975 2200 1091 2257 nostras,

300 2296 371 2353 quas
384 2280 418 2340 de
436 2280 552 2351 imperio
570 2289 738 2346 tenenrns,a
756 2296 899 2336 matresua
914 2280 1091 2350 recipientes,

301 2376 375 2430 larcio
390 2372 512 2430 bominio
536 2372 576 2428 llli
592 2372 751 2427 lldelitatem
763 2371 926 2442 juravimus.
947 2371 1091 2449 Serretiratl

301 2480 368 2533 erpo
384 2474 492 2532 ruere,
514 2463 597 2520 Pater
615 2462 775 2528 reverende,
794 2465 868 2519 omni
883 2478 936 2535 qna
950 2478 1092 2536 possumus

303 2556 448 2613 allectione
461 2556 646 2627 supplicamns
659 2561 795 2624 quatenus
810 2555 996 2625 rationabilem
1007 2556 1092 2626 ipsius

300 2646 472 2711 electionem,
485 2642 700 2708 resurretionem,
715 2656 747 2696 ac
760 2644 994 2700 consecrationem
1003 2652 1091 2705 ratam

300 2738 403 2794 babere
413 2734 546 2800 solentes,
560 2747 620 2788 esrn
633 2732 797 2790 ccnbrmare
807 2741 889 2806 atque
901 2734 987 2803 ipsum
998 2750 1091 2807 regern

301 2832 337 2885 sd
357 2826 463 2899 imperii
479 2826 714 2883 consecrationem
737 2840 836 2881 uocare
853 2836 966 2897 paterna
989 2828 1092 2897 pietate

301 2920 460 2991 dignemini,
485 2927 514 2973 ut
536 2918 571 2972 ad
590 2917 749 2986 obsequium
771 2925 889 2972 restrum
911 2928 938 2973 et
962 2917 1091 2973 accedas

303 3015 434 3069 llnrnanae
446 3012 473 3067 in
488 3019 649 3083 perpetuum
661 3010 778 3081 amplius
792 3010 938 3067 invitemur
949 3020 976 3066 et
989 3012 1091 3067 arctius

301 3104 464 3177 obligemur.

661 3196 728 3255 vrri.

339 3305 469 3348 sterent
488 3306 514 3344 ι.
535 3303 696 3344 contraisse
715 3303 834 3345 ntsnunc
853 3304 888 3344 nr
908 3305 1046 3346 assessis.

334 3381 515 3436 Sanctissirnn
529 3380 639 3436 domino
655 3390 683 3435 et
699 3379 772 3437 Patri
793 3392 976 3438 sacrosancte
993 3382 1093 3438 itoma-

299 3487 345 3528 nrc
354 3473 484 3528 Ecclesiae
497 3484 607 3529 srrrnruo
625 3471 756 3544 pontillei,
777 3482 806 3528 et
827 3475 1027 3529 uenerabilibus
1044 3475 1091 3530 do·

302 3562 384 3618 initiis
399 3563 535 3617 uniuersis
550 3562 744 3627 cardinalibus,
762 3564 796 3618 Δ.
811 3577 903 3619 eomes
921 3564 954 3618 de
971 3565 1092 3636 basburg

302 3663 331 3708 et
348 3644 486 3718 blerensis,
512 3653 631 3708 debitam
655 3655 850 3720 reverentiam,
871 3664 899 3709 et
918 3664 1042 3725 paratum
1064 3657 1090 3711 in

300 3746 430 3802 omnibus
447 3745 618 3816 olrscqninm.

337 3838 405 3896 Cum
427 3840 523 3894 luisset
544 3840 625 3894 rebus
649 3839 774 3895 immanis
793 3837 926 3895 ilenricus
945 3837 1093 3908 imperatur

300 3941 455 3999 exemptus,
470 3944 521 3984 nos
539 3937 567 3984 et
589 3929 635 3984 alii
653 3931 789 4000 principes
806 3931 948 3986 dominum
965 3927 1091 3984 Ottonem

301 4024 440 4091 rprtondattt
463 4019 570 4076 llenrlei
594 4018 673 4076 eineis
695 4020 821 4077 saxonia
836 4021 925 4076 lilium
950 4022 977 4074 in
1001 4033 1091 4089 repent

302 4115 488 4170 llonrattorum
501 4110 649 4182 elegimus,
670 4121 698 4168 et
714 4112 799 4182 ipsum
816 4129 849 4167 ea
868 4127 920 4182 qrra
942 4112 1033 4166 decuit
1048 4125 1093 4166 so·

303 4205 444 4260 lernnitatc
468 4216 520 4274 per
551 4202 689 4257 dominum
721 4202 873 4271 Adolplnnn
902 4199 1092 4256 Colnrriensen

301 4295 539 4363 arehiepiscopum
555 4295 625 4363 apud
642 4294 843 4364 nqutsgrmmn
859 4302 1048 4347 consecratum
1064 4291 1091 4346 in

302 4386 369 4442 sede
383 4385 475 4454 regia,
489 4385 561 4441 sient
571 4401 587 4440 a
598 4384 696 4441 Carolo
710 4385 885 4440 constitutum
902 4390 979 4449 eret,
992 4381 1093 4438 locari-

304 4493 366 4534 nrus
377 4477 426 4549 (dl.
438 4476 578 4548 tingamus
594 4490 661 4547 ergo
679 4475 850 4530 sanctitatem
865 4483 984 4530 uestram
999 4483 1028 4528 ut
1044 4474 1132 4542 lta-1)

303 4572 360 4626 blts
384 4569 605 4627 consideratione
629 4568 663 4622 sd
692 4567 817 4621 miserias
838 4575 875 4621 <et
903 4566 1094 4635 oppressiones

302 4673 373 4730 neas
382 4674 431 4731 per
439 4659 603 4715 norissimus
614 4657 793 4728 imperatores
803 4655 971 4711 Frlderieum
983 4666 1010 4710 et
1023 4653 1094 4710 llen·

262 4809 267 4816 ,
305 4754 392 4808 rietrm
413 4753 498 4808 llliutn
521 4750 580 4820 eius
595 4750 786 4813 sustinuimus,
806 4748 966 4805 electionem
990 4748 1093 4802 domini

305 4845 392 4901 nostri
412 4845 485 4916 repis
506 4843 615 4900 ottonis
634 4844 795 4898 continuare
819 4849 847 4896 et
867 4841 902 4895 ad
925 4836 1093 4908 imperialem

302 4940 535 4996 consecrationem
546 4950 645 4992 vocare
658 4934 816 5005 dignemini,
825 4945 860 4989 et
871 4941 980 5003 ,partem
995 4935 1094 4986 adrer-

304 5045 393 5087 sartta
412 5030 546 5086 llrlditatc
564 5045 646 5100 quarn
661 5028 723 5084 dnci
739 5027 845 5082 Sueviae
866 5025 989 5081 lecerunt
1002 5021 1093 5078 absol·

304 5123 386 5187 istis,
400 5132 430 5177 et
448 5137 498 5192 per
517 5136 662 5177 censuram
684 5119 895 5176 ecelesiasticam
922 5124 1021 5171 nostrae
1039 5115 1094 5170 ele·

300 5213 403 5272 etionis
417 5215 571 5270 consentire
583 5211 763 5284 compellatis.

676 5301 721 5356 tx.

425 5409 552 5452 ιιττιιιιιι
570 5406 741 5448 cosonrmsrs
759 5404 968 5445 recurerrscorr.

339 5483 519 5540 sanctissimo
541 5481 614 5538 Patri
637 5497 668 5538 ae
688 5483 799 5538 dauriae
822 5481 981 5536 lanuccsrru
1000 5493 1093 5533 sucro-

305 5585 406 5632 tsnetae
418 5574 547 5630 liornane
556 5574 686 5632 secteris
699 5589 807 5630 senune
819 5570 940 5644 pontiliri
951 5573 1092 5628 bnotrnut

338 5745 381 5815 (ὃ)
394 5746 460 5833 lide
471 5746 552 5804 Gesta
563 5745 655 5814 lrmcc.
672 5745 716 5811 ΙΙΙ,
730 5761 790 5816 esp.
806 5745 852 5799 ΙΙ.

1144 1923 1245 1970 sancta
1278 1912 1405 1968 Ecclesiae
1433 1912 1523 1967 onmia
1549 1913 1610 1983 jura
1645 1910 1774 1965 llotnanae
1805 1910 1926 1965 Ecclesiae

1145 2006 1314 2073 aliarumque
1340 2002 1521 2057 Ecclesiarnm
1549 2000 1618 2057 bona
1644 2000 1696 2054 lide
1721 2010 1927 2055 conservarem

1145 2106 1319 2152 rrranutcnere
1335 2094 1447 2163 jurarit.
1463 2093 1546 2149 Nobis
1565 2094 1646 2149 etiam
1667 2092 1782 2160 aliisque
1798 2089 1928 2160 episeopis

1144 2204 1254 2261 prauam
1269 2190 1341 2243 illam
1356 2187 1580 2243 connsuetudinem
1597 2186 1710 2241 aliorum
1727 2186 1926 2255 imperatorum,

1143 2281 1187 2350 qni
1201 2280 1394 2336 decedentibus
1406 2278 1540 2349 episcopis
1555 2287 1582 2332 ct
1601 2276 1746 2331 abbatibus
1765 2274 1928 2345 principibus

1143 2368 1325 2426 inmobilibus
1339 2370 1418 2424 rebns
1432 2382 1544 2437 seseque
1558 2366 1727 2421 merentibus
1737 2366 1927 2431 succedebam,

1143 2461 1292 2519 liberaliter
1321 2461 1435 2520 rerrrisit.
1467 2459 1661 2515 Paternitatem
1698 2458 1780 2531 igitur
1814 2468 1927 2513 restrum

1143 2564 1245 2611 sitente
1263 2568 1389 2626 rogaturus
1405 2563 1552 2624 «protenus,
1575 2551 1735 2607 rationabile
1759 2550 1860 2607 laterum
1883 2566 1929 2605 no·

1143 2654 1230 2701 strum
1256 2644 1424 2715 aliorumque
1446 2644 1598 2715 principum
1624 2643 1724 2713 quide
1745 2639 1808 2709 jure
1832 2642 1930 2712 eligere

1142 2734 1241 2792 debent
1265 2736 1447 2799 attertdcntes,
1471 2734 1568 2791 orerira
1592 2749 1702 2805 quoqne
1721 2734 1823 2790 dunrini
1845 2736 1930 2789 nostri

1142 2826 1226 2897 regis,
1245 2826 1330 2895 patris
1353 2840 1386 2881 ac
1408 2824 1501 2881 fratris
1523 2824 1564 2879 sni
1585 2825 1707 2897 palatini,
1730 2824 1799 2896 regis
1822 2839 1932 2894 qnmpue

1142 2918 1245 2989 dttgliae
1257 2916 1383 2971 aruncnli
1401 2917 1452 2979 sni,
1466 2918 1511 2987 (pri
1526 2930 1541 2969 a
1557 2916 1669 2971 serritio
1682 2926 1708 2971 et
1720 2916 1823 2970 unitate
1836 2914 1933 2971 raceb-

1142 3010 1189 3067 sin
1206 3024 1344 3079 trumprarn
1360 3010 1477 3079 separati
1493 3008 1613 3074 inerunt,
1631 3005 1842 3071 considerantes,
1859 3022 1932 3075 qrro-

1105 3116 1196 3192 cipue
1214 3102 1327 3172 iniurias
1349 3101 1426 3155 ducis
1449 3100 1564 3164 Srrcrise,
1584 3101 1671 3169 patris
1697 3114 1728 3153 ac
1748 3097 1843 3153 lrarris
1862 3098 1933 3168 ejus,

1143 3207 1196 3248 non
1223 3192 1444 3257 dissimulantes,
1472 3206 1583 3262 rnagnos
1608 3201 1636 3246 et
1663 3189 1835 3246 honorabiles
1861 3190 1934 3244 rirrn

1142 3300 1210 3357 qnos
1234 3285 1292 3356 ipse
1322 3299 1354 3339 ae
1378 3283 1514 3360 principes
1543 3285 1576 3337 de
1601 3285 1738 3337 eonnnnni
1762 3281 1877 3336 consilio
1900 3285 1933 3336 ad

1142 3378 1224 3447 pedes
1239 3376 1393 3431 sartetitntis
1409 3384 1505 3432 restra·
1522 3377 1707 3431 transmittunt
1729 3375 1843 3445 benigne
1863 3376 1933 3427 reei-

1142 3472 1223 3540 piatis
1249 3485 1281 3525 ae
1312 3468 1455 3540 benignius
1485 3468 1654 3531 remittatis,
1683 3475 1712 3521 et
1745 3465 1933 3520 rationabilem

1143 3564 1227 3634 ipsius
1248 3563 1429 3628 electionem,
1456 3560 1700 3622 corrsecratinnem,
1724 3573 1756 3612 ac
1780 3559 1934 3612 enrormtio-

1143 3671 1204 3710 nem
1219 3654 1401 3718 cnmlruretis,
1418 3665 1445 3707 et
1462 3652 1493 3706 ad
1514 3651 1619 3721 imperil
1639 3651 1873 3706 currsecrarionem
1890 3664 1935 3704 ro·

1142 3751 1218 3809 cetis,
1245 3756 1352 3802 nostros
1381 3761 1488 3817 qunque
1518 3745 1688 3799 aduersarios
1712 3753 1738 3798 ct
1764 3742 1934 3796 Ecclesiae

1143 3835 1272 3892 lidclitate
1294 3837 1354 3890 duri
1375 3837 1481 3891 Sueriar
1499 3835 1618 3906 prestita
1637 3834 1784 3888 absolvatis
1798 3841 1826 3889 el
1845 3841 1937 3888 nostro

1144 3928 1199 3999 regi
1215 3929 1325 3983 obedire
1345 3928 1531 3984 ecelesiastica
1549 3941 1662 3982 censura
1684 3927 1866 3996 compellatis·
1884 3925 1938 3978 lies

1143 4021 1224 4076 etiam
1240 4035 1288 4090 pro
1302 4020 1464 4089 patrimonio
1478 4017 1606 4074 Ecclesiae
1624 4017 1755 4072 llutnanae
1773 4017 1939 4074 dimittendo

1144 4127 1176 4168 ae
1199 4113 1385 4168 rorrserrandn
1408 4127 1456 4181 pro
1479 4111 1538 4182 ipso
1559 4111 1669 4167 domino
1692 4125 1755 4180 rege
1769 4112 1940 4180 spondemus

1145 4213 1225 4274 atque
1242 4202 1429 4273 fidejubemus.

1521 4297 1554 4351 ll.

1144 4401 1271 4445 straena
1284 4402 1425 4444 rnractrutt
1441 4403 1473 4442 tc
1492 4402 1615 4444 annonast
1634 4401 1793 4442 ιιιιιιιιιιιι
1808 4401 1942 4443 ceretro·

1401 4494 1456 4534 ιιιιιι
1468 4495 1504 4536 er
1523 4493 1667 4534 unicornu.

1181 4569 1359 4627 sanctissimo
1378 4568 1453 4625 Patri
1477 4586 1510 4626 ac
1522 4571 1632 4626 donnino
1648 4568 1823 4646 lanocssrro,
1846 4587 1944 4626 saero-

1145 4671 1245 4718 sancte
1258 4661 1386 4717 Romana·
1401 4664 1472 4718 sedis
1486 4677 1593 4717 summo
1609 4661 1740 4730 pontillei,
1756 4663 1901 4732 principes
1916 4673 1945 4717 et
2039 4663 2040 4716 ἒ

1144 4752 1260 4806 barones
1283 4750 1451 4807 Alamanniae
1479 4752 1571 4808 clerici
1599 4761 1626 4806 et
1646 4751 1725 4820 laici,
1763 4753 1890 4808 dubitans
1917 4753 1945 4806 in

1144 4841 1251 4898 cbristo
1272 4843 1449 4900 reuerentiam
1466 4855 1494 4898 ct
1511 4845 1694 4900 sinceritatem
1708 4845 1847 4916 obsequii.

1175 4933 1246 4990 -Cum
1261 4933 1406 5004 placuisset
1423 4936 1447 4990 ei
1465 4936 1510 5006 qni
1525 4937 1613 4990 anlert
1628 4936 1753 5006 spiritum
1771 4936 1949 5006 principum,

1144 5033 1170 5079 et
1183 5040 1296 5095 rnagnus
1307 5035 1335 5080 et
1349 5027 1478 5082 terribilis
1492 5039 1533 5084 est
1548 5041 1630 5096 snper
1644 5041 1724 5096 reges
1739 5037 1833 5092 terrae,
1848 5025 1951 5080 dorni·

1141 5129 1208 5167 ttttm
1235 5113 1380 5170 ilenricum
1408 5116 1599 5185 imperatorem
1627 5115 1660 5169 de
1689 5115 1778 5170 medio
1810 5113 1949 5176 auferre,

1145 5211 1328 5265 neeessariam
1354 5210 1432 5266 nobis
1455 5213 1542 5266 risum
1559 5209 1609 5265 luit
1624 5211 1657 5266 de
1672 5208 1868 5264 substituendo
1882 5219 1952 5274 rege

1145 5310 1289 5356 tractatum
1303 5303 1515 5378 ctcolloqnium
1529 5303 1640 5358 babere.
1666 5301 1854 5357 Contenimns
1877 5311 1952 5366 ergo

1144 5392 1257 5459 saepius,
1271 5401 1299 5448 et
1316 5393 1441 5448 miserias
1460 5401 1488 5448 et
1501 5391 1702 5463 oppressiones,
1716 5404 1785 5459 quas
1803 5391 1952 5444 bacterrus

1143 5485 1370 5550 sustimteranms,
1387 5491 1571 5546 recensentes,
1584 5497 1632 5554 per
1642 5482 1783 5536 universos
1799 5475 1952 5548 principes

1144 5575 1217 5646 regni
1251 5576 1355 5630 auinms
1383 5584 1491 5630 nostros
1518 5577 1669 5639 ereximus,
1699 5571 1817 5641 etquid
1842 5563 1950 5624 borroni

1927 5981 2040 6294 d
