4109 6325
163 323 235 379 rrsr
602 318 807 377 aeorsrnou
828 318 871 374 os
889 316 1040 375 esserto
1059 317 1190 376 nonum
1211 321 1347 377 versun.
1730 330 1797 384 uua

170 438 261 496 ΜΗ
297 430 442 491 magique
469 431 601 497 ulmeri,
625 446 664 487 ue
694 430 765 486 bona
793 410 1269 499 Crdorriensisiprirnoqtraest'itum
1286 438 1418 497 etpustea
1441 418 1597 487 tur'roratum
1614 433 1639 487 in
1657 432 1797 494 iniurniarn

168 529 298 588 [ecclesias
322 526 429 596 possint
452 524 560 579 interim
587 523 712 593 deperire
728 562 736 587 ,
764 521 846 577 alieni
870 536 962 593 per-so-
1013 529 1150 586 vcstrarn,
1166 530 1297 590 qnantum
1313 520 1402 577 iuerat
1419 522 1444 577 in
1460 524 1554 579 eodem
1566 565 1574 591 ,
1588 535 1615 581 et
1628 526 1798 587 coloniensis

168 623 356 685 naehorrestae,
371 618 491 690 provida
505 617 652 687 acpoteuti
668 608 846 671 eomndttatis
872 615 960 671 adrui-
1010 613 1138 670 Ecclesiae
1163 613 1352 669 detrimentum
1380 616 1540 672 obedieutiae
1562 618 1628 690 jugo
1649 621 1790 690 deposito,

167 714 359 773 mmmmm
384 710 479 780 ipsqus·
506 709 574 775 Qus,
598 722 665 763 mo
687 707 808 777 ejusdem
831 706 961 763 nemesim
1011 702 1151 756 dontinum
1171 717 1249 756 suurn
1268 710 1368 759 temere
1383 705 1510 775 prodidit,
1527 717 1553 762 et
1569 708 1727 765 adversario
1738 712 1797 779 ejus

168 818 246 866 tanto
260 806 375 876 amplius
397 804 519 859 zelamus
540 802 672 857 bonorem
691 808 793 869 quanto
812 799 916 856 elerum
932 809 961 856 et
1010 793 1183 865 impudenter
1206 794 1358 861 adbaerens,
1382 813 1416 851 ne
1442 802 1543 855 crimen
1566 800 1624 869 ejus
1641 800 1694 856 uilo
1710 804 1796 873 possit

169 902 296 976 populum
309 897 368 967 eius
380 894 533 953 pompm
544 901 572 949 οι
587 892 722 950 ppnpom
735 908 831 949 sumus
841 894 958 963 appui,
1012 886 1236 957 tergiversatione
1251 886 1352 953 celari,
1369 904 1430 944 eum
1447 892 1517 960 apud
1532 892 1732 966 dquisgranum
1749 914 1798 969 pn-

168 994 351 1053 ueuuitatem
366 988 426 1058 ejus
441 985 531 1055 aliqua
546 985 666 1041 scissura
677 994 853 1055 corrumpat,
868 984 890 1041 si
903 983 958 1039 rur.
1009 977 1081 1033 lriice
1103 979 1253 1033 coronavit.
1277 978 1333 1035 Nos
1350 981 1432 1051 igitur
1453 984 1595 1051 providere
1618 988 1740 1043 volentes
1765 1006 1798 1045 ne

163 1102 218 1143 m
235 1084 254 1140 ἣ
269 1082 303 1139 Μ
319 1096 390 1155 qnos
412 1086 517 1149 mm
541 1075 639 1133 emp,
665 1091 718 1131 30„
736 1078 874 1148 potuerim
894 1091 960 1131 000.
1010 1067 1093 1121 bomo
1107 1070 1151 1139 qui
1164 1084 1216 1124 non
1230 1071 1513 1141 conveniatoperibns
1527 1084 1554 1131 et
1568 1077 1674 1134 actibus
1685 1082 1796 1141 vestris.

168 1177 280 1242 mim,
297 1172 462 1244 „mimam
474 1171 577 1226 eisdem
598 1176 628 1223 „q
646 1169 673 1223 qn
691 1170 798 1240 ,pquos
813 1171 885 1225 ,qm
898 1170 959 1224 qq).
1008 1157 1087 1211 vobis
1101 1158 1134 1211 de
1146 1166 1244 1213 caetero
1259 1160 1427 1230 principetur
1440 1161 1466 1216 in
1482 1163 1630 1231 perniciem
1651 1183 1795 1238 corporum

167 1280 234 1323 neos
249 1262 392 1321 conferam
409 1271 471 1314 vo„
488 1274 552 1324 3⁰23
566 1257 611 1328 quq
626 1257 659 1312 ap
675 1258 767 1313 sepem
781 1258 957 1327 „poponem
1008 1257 1037 1303 ct
1048 1248 1196 1318 pericnlum
1220 1251 1383 1313 animarum,
1401 1254 1447 1307 seri
1465 1268 1478 1306 a
1494 1254 1572 1311 voltis
1586 1266 1662 1313 retus
1678 1258 1797 1314 ierrueu-

168 1359 343 1420 secedentes,
359 1369 420 1409 cnm
435 1350 549 1407 consilio
559 1360 663 1416 nostro,
675 1349 721 1420 qui
737 1351 772 1405 ad
786 1364 879 1403 eorum
892 1364 957 1406 con·
1010 1346 1064 1392 ¹⁰¹⁰
1080 1339 1188 1409 penitus
1204 1349 1378 1409 exqvurgetur,
1401 1356 1502 1411 V⁰⁵il¹¹0
1515 1347 1679 1401 remaneatis
1697 1350 1797 1419 illitis

168 1450 300 1513 cordiam,
320 1442 582 1506 iaciente-Domino,
596 1442 721 1497 dabimus
736 1454 848 1511 operam
867 1438 958 1495 efflua-
1008 1432 1079 1487 sicrtt
1103 1432 1179 1494 estis,
1206 1432 1238 1486 de
1260 1430 1375 1487 consilio
1396 1431 1510 1488 fratrum
1526 1444 1683 1492 nostrorum
1700 1448 1727 1494 ct
1742 1450 1796 1493 tann

168 1556 240 1607 eum,
256 1552 399 1609 personam
422 1536 546 1591 idoneam
565 1533 618 1590 sibi
641 1534 742 1604 eligant
764 1533 790 1587 in
804 1532 958 1602 prelatum,
1008 1525 1198 1595 episcoporum
1221 1538 1302 1593 quam
1331 1523 1447 1580 aliorum
1475 1525 1593 1597 pirrrium
1623 1529 1796 1599 prelatorrnn

168 1632 246 1700 erod
261 1631 283 1686 si
302 1644 356 1685 non
375 1640 480 1693 omnes,
492 1632 544 1682 ete.
1009 1616 1214 1672 venerabilibus
1229 1617 1358 1671 iratribus
1374 1618 1530 1687 ltnpuurino
1551 1622 1754 1693 archiepiscopo
1771 1634 1798 1678 et

205 1725 301 1779 purum
316 1721 417 1785 burum,
432 1734 461 1773 ιιι
479 1717 542 1773 idus
557 1714 644 1770 Martii
657 1754 665 1781 ,
679 1714 856 1784 pontificatus
869 1716 955 1772 nostri
1008 1710 1137 1777 episcopo
1155 1708 1343 1765 Carrveracensi
1362 1720 1390 1765 et
1405 1712 1569 1769 scholastico
1589 1714 1682 1769 Saruti
1695 1714 1797 1771 Gereo-

170 1832 243 1873 amw
256 1823 362 1870 nemo·
972 1782 1052 1855 Bnis
1075 1799 1246 1858 Coloniensis
1265 1802 1388 1858 dedimus
1404 1803 1430 1858 in
1445 1805 1588 1875 praeceptis
1604 1814 1632 1859 ut
1648 1821 1709 1860 eum
1725 1808 1795 1877 apud

517 1898 619 1956 cxliii.
1008 1906 1059 1956 cor
1071 1893 1127 1948 sint
1141 1894 1205 1959 ista,
1222 1902 1288 1961 etc,
1303 1895 1330 1949 r'n
1340 1896 1459 1950 rotrudem
1471 1896 1525 1955 irre
1536 1899 1640 1952 modurn
1655 1910 1682 1953 art
1701 1899 1727 1953 r'n
1743 1899 1797 1952 ulie

80 1992 83 1998 ’
169 2013 309 2055 ruronrans
324 2012 360 2050 ιι
382 2006 511 2049 perverso
530 2004 615 2045 cesso
635 2004 671 2044 ιιι
695 2002 796 2045 ιοιιιιο
816 2002 959 2049 ιοιοιιιιι·
1009 2000 1091 2055 resque
1111 1984 1139 2039 iu
1163 1984 1254 2053 purat.
1278 1986 1418 2043 bionemns
1435 1989 1516 2059 igitur
1530 1992 1735 2050 universitatem
1751 2012 1796 2053 ve-

524 2096 607 2137 sroos.
1009 2085 1095 2129 stram
1115 2086 1143 2130 ct
1163 2076 1306 2133 lrorlarnur
1329 2077 1357 2131 in
1384 2076 1498 2133 Domino
1522 2090 1550 2135 et
1572 2096 1622 2151 per
1647 2084 1795 2154 apostolica

202 2178 361 2237 sinceritati
374 2175 525 2232 devotionis
540 2181 568 2229 et
590 2171 652 2226 leet
669 2186 751 2242 quam
767 2172 802 2225 ad
824 2170 959 2227 cbarissi-
1009 2164 1088 2223 vobis
1107 2167 1211 2231 scripta
1227 2167 1389 2224 mandamns
1402 2177 1537 2237 quatenns
1550 2170 1652 2225 eisdem
1666 2173 1795 2243 arciriepi·

169 2285 247 2328 mom
271 2270 300 2325 iu
324 2268 434 2325 Cirristo
453 2266 538 2320 tilium
563 2270 689 2317 nostrum
710 2262 842 2320 illustrem
867 2276 957 2334 regem
1008 2267 1111 2325 scopo,
1137 2239 1267 2328 episeopo
1289 2264 1317 2312 et
1339 2256 1502 2313 scholastico
1530 2259 1564 2315 ad
1591 2264 1795 2331 exsequentium

169 2362 295 2419 ottonem
309 2360 336 2415 in
349 2358 534 2415 Rornanorum
549 2355 742 2427 imperatorem
755 2356 890 2419 eiectum,
903 2356 959 2411 imo
1009 2349 1137 2404 mandata
1160 2350 1309 2421 apostolica
1327 2350 1429 2406 utiliter
1443 2362 1471 2407 et
1494 2352 1634 2408 lrumiiitcr
1648 2355 1794 2419 assistatis,

169 2472 220 2511 nos
236 2455 263 2509 in
277 2466 310 2508 eo
330 2450 463 2507 imbuistis
475 2449 608 2504 bactenus
629 2456 657 2503 et
676 2448 785 2505 bebetis
799 2449 826 2503 in
841 2447 958 2503 bonrino
1008 2450 1037 2495 et
1062 2441 1089 2496 in
1115 2441 1186 2498 bono
1212 2445 1351 2514 proposito
1376 2444 1563 2514 persistentes,
1588 2446 1718 2516 praedicto
1739 2448 1794 2519 regi

167 2546 421 2619 congartdenrusct
433 2542 616 2598 constantiam
631 2549 751 2598 vestram
766 2540 959 2611 prosequimur
1008 2532 1079 2587 sicut
1096 2534 1238 2603 hactenns,
1266 2536 1320 2591 irno
1347 2535 1445 2591 lortius
1470 2550 1551 2605 quarn
1570 2537 1703 2592 lractcnns
1729 2551 1798 2605 pru·-

169 2638 324 2696 aetiouibus
347 2634 516 2707 gratiarurc3
543 2636 589 2705 qui
609 2648 716 2704 semper
737 2634 764 2689 in
779 2634 874 2689 eodem
895 2647 958 2704 pro·
1008 2624 1087 2679 stetis
1098 2625 1227 2679 auxilium
1242 2635 1270 2679 et
1284 2624 1516 2692 iavorern,scitnri
1530 2628 1601 2698 quod
1613 2636 1706 2684 nostra
1722 2628 1798 2683 vobis

170 2732 259 2805 posito
281 2729 469 2801 persistentes,
491 2743 544 2782 non
567 2729 681 2785 novistis
704 2729 789 2784 etiam
814 2726 958 2784 vacillante

168 2823 260 2894 eapite
271 2820 409 2877 vacillare.
426 2818 680 2889 Potuissetquidem
697 2822 723 2876 irr
743 2820 804 2876 aliis
818 2820 958 2891 propheti·

168 2930 231 2970 cum
242 2911 382 2967 formidari
397 2928 404 2965 :
419 2910 504 2965 Omne
513 2921 593 2981 ceput
607 2912 775 2982 iurpeidrrur,
789 2922 813 2966 et
827 2928 902 2967 omne
913 2929 959 2966 cor

170 3022 280 3061 errorent
293 3045 302 3070 ,
316 3021 332 3057 rr
345 3004 434 3074 pleuto
446 3002 521 3070 perlit
533 3018 615 3074 usque
629 3008 665 3059 ed
678 3004 798 3060 corticem
808 3022 862 3059 aorr
877 3012 915 3059 est
929 3006 957 3058 in

167 3098 311 3153 eosonitur
327 3093 405 3165 (irai.
421 3093 454 3164 ι).
471 3092 525 3149 Sed
539 3110 588 3151 vos
601 3099 772 3152 attendentes
786 3096 860 3168 quod
876 3106 993 3180 caputc

1008 2714 1096 2785 gratia
1111 2730 1162 2769 non
1179 2716 1276 2772 deerit.

1044 2803 1153 2870 Datum,
1168 2812 1197 2859 ut
1210 2824 1300 2878 rrrpro.

1345 2897 1459 2954 cittii.

1008 3003 1214 3047 uncorertscovo
1234 3006 1398 3055 ureusrrsu,
1413 3004 1536 3047 perscore
1555 3008 1746 3058 ctusnncssst,
1764 3012 1797 3050 sn

1099 3097 1277 3139 senoctsrrco
1290 3098 1383 3137 srncrr
1396 3096 1525 3140 cessores
1542 3098 1568 3138 ru
1581 3100 1706 3140 coconrn.

170 3199 290 3246 restrum
305 3185 521 3243 transferebatur
533 3187 560 3242 io
574 3188 708 3255 caudam,
723 3191 850 3248 noluistis
865 3193 958 3248 cauriae
1046 3175 1122 3231 Ueii
1138 3190 1188 3245 iii
1211 3175 1278 3230 “¹¹³⁸
1301 3174 1405 3229 “Ueiis
1426 3175 1502 3230 *¹⁰¹³ss
1518 3176 1673 3232 dederimus
1688 3179 1714 3232 5¹¹
1729 3193 1798 3248 liiii·

170 3281 246 3351 scqui
261 3279 387 3337 mobilem
399 3277 546 3342 levitatem,
560 3279 607 3333 scd
622 3279 735 3336 stabiles
756 3291 784 3336 et
807 3283 958 3341 immobiles

170 3370 370 3444 permansistis.
395 3367 522 3425 Voluerat
542 3368 651 3438 quidem
665 3381 744 3428 vetus
759 3372 823 3428 iliud
840 3373 957 3430 ierruen-

171 3477 227 3521 tum
244 3463 356 3520 inlicere
370 3471 454 3518 totam
472 3474 593 3516 massam
611 3474 639 3520 et
656 3465 698 3520 vir
710 3481 779 3521 unus
791 3465 958 3522 conlunrlere

170 3565 226 3612 tant
240 3555 381 3612 sublimem
403 3552 552 3610 Ecclesiam
570 3555 745 3612 et·iuiamare
765 3567 819 3612 tam
839 3557 957 3614 nobilem

168 3648 325 3711 civitatem
341 3645 388 3700 sed
405 3659 452 3701 vos
466 3645 528 3714 ejus
543 3645 617 3702 ieris
629 3645 775 3712 immunes,
791 3650 879 3718 azyuri
896 3665 958 3718 per-

171 3741 319 3808 mansistis,
331 3755 381 3797 nec
390 3728 548 3810 conspersio
561 3753 651 3798 vestra
667 3757 736 3797 nova
751 3742 826 3798 virus
841 3747 958 3813 antiquat

171 3832 276 3890 iraudis
297 3833 415 3889 admisit.
440 3831 618 3905 Participarit
637 3833 727 3891 lorsan
743 3833 825 3893 lromo
845 3835 890 3890 ille
904 3835 958 3890 ini·

170 3918 300 3994 quitatis,
320 3926 542 3997 archiepiscopus
563 3935 670 3991 vester,
685 3923 821 3995 aliquibus
836 3932 958 3980 vestrum

171 4029 227 4070 suae
246 4017 407 4087 proditionis
431 4013 575 4072 consilium
601 4024 629 4072 et
660 4017 821 4088 perditionis
842 4019 958 4088 propriae

172 4109 337 4179 propositum
362 4110 506 4179 revelavit3
522 4111 569 4168 sed
594 4111 619 4165 in
637 4123 800 4165 consensum
821 4109 880 4180 ejus
903 4125 958 4164 uon

170 4199 246 4254 veuit
268 4200 358 4254 anima
383 4209 491 4268 vestra,
517 4215 567 4256 nec
582 4197 668 4268 potuit
690 4197 809 4267 periidiae
826 4213 881 4253 suae
899 4199 959 4268 pice

171 4303 219 4346 vas
230 4288 373 4360 inquinare
386 4291 534 4357 sincerum,
546 4290 609 4359 quia
625 4291 761 4358 serpentis
776 4287 957 4358 prurientium,

170 4395 232 4452 quae
246 4381 273 4437 in
287 4380 435 4450 Evangelio
455 4380 672 4445 commendatur,
691 4395 743 4434 voa
762 4378 850 4449 pulsat
864 4379 890 4433 in
910 4394 958 4434 va·

1009 3267 1095 3339 ceptis
1118 3275 1147 3322 ct
1170 3265 1235 3336 quia
1256 3264 1427 3320 coterrtensts
1451 3265 1671 3336 archiepiscopus
1686 3276 1798 3323 senten-

1010 3363 1076 3416 tiam
1091 3359 1384 3416 excommunicationis
1399 3359 1525 3424 incurrit,
1539 3373 1618 3429 quarn
1633 3357 1659 3414 in
1676 3359 1797 3440 liceiesia

1009 3453 1086 3510 Beati
1110 3451 1184 3508 Petri
1205 3451 1326 3510 Coloniae
1352 3466 1445 3507 coram
1474 3451 1646 3507 multitudine
1668 3453 1798 3523 copiosa,
1894 3529 1897 3537 Ι

1010 3548 1070 3620 ipso
1091 3554 1225 3617 praesento
1248 3561 1280 3602 ae
1299 3556 1410 3618 gerente
1433 3545 1628 3600 sacerdotalem
1652 3535 1748 3602 stolam
1770 3545 1797 3602 in

1009 3637 1079 3695 coilo
1094 3649 1121 3693 ct
1136 3634 1278 3694 candelam
1302 3649 1443 3692 accensam
1467 3635 1495 3690 in
1518 3651 1611 3701 rnanu,
1637 3640 1798 3695 venerabilis

1009 3728 1097 3786 irater
1115 3739 1209 3786 noster
1229 3726 1389 3784 Guilicbnus
1408 3727 1550 3784 ilemensis
1566 3729 1798 3802 archiepiscopus,

1010 3832 1075 3877 tunc
1090 3822 1275 3877 Prtcncstinus
1293 3819 1449 3890 episcopus,
1465 3819 1707 3890 apostolicaesedis
1725 3823 1800 3894 lega-

1011 3926 1064 3981 tus,
1079 3914 1261 3986 pronrnigavit
1277 3915 1303 3970 in
1319 3912 1425 3983 eosqui
1441 3928 1457 3967 a
1471 3914 1633 3971 cbarissimo
1646 3915 1674 3970 in
1689 3901 1799 3973 Christo

1012 4009 1066 4063 lriio
1081 4016 1175 4063 nostro
1187 4005 1285 4062 illustri
1302 4021 1365 4079 rege
1380 4005 1490 4072 Ottonc,
1506 4005 1533 4060 in
1549 4006 1734 4063 Romanorum
1749 4009 1800 4065 irn-

1008 4108 1162 4171 pcratorem
1175 4098 1273 4166 eiecto,
1288 4099 1448 4154 recederent
1462 4105 1489 4150 et
1500 4099 1571 4167 parti
1585 4098 1663 4155 alteri
1679 4100 1799 4156 adbaere-

1010 4200 1082 4256 rent,
1102 4199 1285 4245 memoratum
1303 4187 1549 4258 arciriepiscopum,
1564 4189 1676 4258 pulsatis
1690 4205 1799 4261 campa-

1009 4281 1052 4336 nis
1066 4289 1094 4335 et
1111 4279 1232 4334 candelis
1245 4277 1385 4340 accensis,
1400 4278 1598 4333 denuntiaretis
1612 4279 1800 4335 excommnni-

1010 4371 1128 4428 catienis
1145 4370 1253 4425 vinonio
1274 4371 1444 4436 innodatum,
1460 4382 1487 4425 et
1498 4368 1629 4426 laceretis
1644 4385 1691 4440 per
1702 4387 1799 4429 omnes

174 4485 257 4525 cntrm
270 4469 448 4525 incantantis.
464 4467 540 4524 Licet
551 4478 641 4523 autern
659 4484 708 4523 nee
721 4468 818 4522 divinae
833 4483 958 4524 reveren-
975 4459 1185 4517 beotoutenses
1195 4459 1360 4518 ecclesiuset
1371 4461 1473 4517 vicinas
1487 4461 1620 4518 dioeceses
1633 4464 1682 4517 sub
1699 4463 1800 4518 soient·

170 4559 209 4613 tia
228 4558 403 4626 maiestatis,
437 4571 487 4612 nee
513 4557 668 4627 apostolicas
696 4555 769 4612 sedis
800 4557 958 4624 auctoritas,

171 4665 223 4706 nec
235 4649 332 4723 religio
343 4647 491 4721 juramenti
507 4649 625 4722 tetigerit
638 4659 755 4703 mentem
771 4647 841 4719 ejus,
855 4649 959 4704 utinam

171 4751 262 4796 tamen
284 4740 400 4813 dignitas
415 4739 585 4797 coloniensis
606 4737 731 4793 scelesta
745 4752 778 4794 ae
800 4739 960 4796 irnnrunitas

170 4832 290 4888 civitatis
311 4833 345 4888 ab
363 4831 519 4900 huiusmodi
545 4847 607 4886 enm
629 4831 768 4902 proposito
793 4843 960 4898 revocasset,

172 4939 207 4980 rre
223 4925 306 4980 vilem
320 4924 424 4979 iaceret
437 4923 463 4979 iu
478 4922 609 4979 electione
623 4921 753 4993 principis
769 4922 892 4977 eurndem
906 4923 958 4978 Ec-

171 5016 298 5082 clesiam,
312 5031 373 5087 qnae
402 5015 474 5071 inter
488 5014 556 5070 alias
575 5014 663 5069 inerat
677 5011 811 5070 hactenus
825 5014 958 5085 gloriosa,

170 5116 200 5164 et
213 5123 248 5164 ne
259 5108 391 5179 derogare
402 5107 456 5176 jun
468 5123 518 5163 sno
533 5109 588 5164 imo
600 5106 728 5178 ejusdem
738 5106 868 5162 Ecclesiae
886 5107 960 5163 vide-

171 5208 266 5266 retur,
290 5201 402 5273 siquod
422 5203 457 5255 ad
477 5202 604 5258 tuendam
629 5200 787 5271 dignitatern
803 5199 863 5270 ejus
883 5201 959 5268 prius

171 5292 285 5362 provide
299 5292 403 5349 iecerat
416 5294 526 5364 proprio
538 5292 599 5360 iure
613 5305 694 5358 usus,
720 5291 747 5346 in
770 5289 830 5361 ejus
849 5291 958 5346 taudem

170 5383 299 5453 iniuriam
310 5385 461 5455 improvide
475 5386 679 5442 corrriemnaret.
695 5384 795 5441 Verum
811 5384 873 5454 quia
892 5382 958 5438 nibil

177 5476 245 5530 saris
265 5475 410 5532 testinatur
423 5477 514 5531 auinao
532 5477 652 5546 cupienti
663 5519 671 5541 ,
684 5492 736 5534 nee
750 5478 858 5532 aniruus
869 5477 958 5547 cupidi

172 5568 298 5630 satiatur,
316 5567 383 5623 nibil
398 5567 449 5623 sibi
463 5567 586 5624 suliicere
604 5577 734 5639 reputans
748 5569 799 5624 nisi
815 5569 958 5638 pecuniam

172 5659 277 5716 biberet
287 5676 368 5730 quam
381 5660 463 5716 avide
481 5659 608 5728 sitiebat,
625 5667 722 5716 eontra
739 5660 897 5715 ntaudatum
908 5673 958 5713 no-

172 5760 260 5806 strum
284 5751 384 5823 saepius
405 5751 532 5810 iteratum
553 5761 580 5810 rt
605 5750 790 5821 iuramentum
814 5753 958 5824 proprium

1008 4555 1095 4611 nitate
1108 4555 1188 4611 simili
1204 4555 1334 4619 nvrrrtiari,
1347 4553 1536 4626 suffraganeos
1549 4564 1576 4608 et
1589 4569 1684 4609 ourvres
1697 4570 1758 4610 vass
1770 4557 1808 4608 ,Ι-Ἰ

1011 4646 1054 4701 los
1069 4645 1242 4703 Coloniensis
1266 4645 1394 4700 Ecclesiae
1409 4653 1462 4697 tam
1479 4645 1594 4700 clericos
1611 4659 1691 4714 qnam
1717 4647 1800 4701 laicos

1010 4737 1148 4795 absolutos
1161 4741 1195 4795 ab
1210 4738 1268 4806 ejus
1281 4737 1435 4793 obedientia
1450 4739 1616 4791 rrnntiantes.
1629 4735 1705 4792 Licet
1717 4739 1798 4794 etiarm

1009 4833 1088 4888 vobis
1111 4831 1318 4902 praeceperimus
1339 4828 1463 4883 districte
1484 4837 1530 4892 ut,
1550 4828 1612 4898 quia
1631 4829 1690 4899 ejus
1706 4829 1801 4885 inobe-

1010 4922 1123 4990 dientia,
1140 4921 1288 4990 perjurium
1303 4930 1331 4974 ct
1347 4917 1464 4988 proditio
1482 4925 1546 4972 sunt
1558 4917 1626 4973 adeo
1639 4918 1797 4985 nraniiesta,

1013 5015 1085 5084 qnod
1103 5012 1175 5068 nulla
1189 5009 1533 5082 possuntterqirersatione
1552 5009 1645 5076 celari,
1665 5025 1713 5068 uos
1731 5026 1793 5066 cum

1012 5103 1179 5160 anctoritate
1200 5111 1292 5158 nostra
1313 5101 1425 5168 sullvriti,
1447 5100 1552 5156 subluto
1570 5099 1713 5168 cujuslibet
1732 5117 1798 5172 curr-

1011 5195 1180 5253 tradictionis
1200 5206 1227 5250 et
1241 5193 1429 5264 appellationis
1442 5191 1592 5256 obstaculo,
1614 5207 1629 5246 a
1651 5192 1798 5260 porrtiireuli

1010 5289 1184 5360 deponeretis
1200 5287 1298 5354 oiiicio,
1323 5285 1374 5341 nisi
1392 5285 1482 5340 lorsan
1506 5285 1577 5338 inira
1599 5298 1718 5338 recursem
1736 5293 1797 5353 post

1011 5382 1112 5438 iactam
1130 5381 1181 5438 sibi
1204 5379 1439 5436 denuntiationem
1457 5393 1471 5430 a
1492 5377 1569 5431 voiris
1584 5376 1617 5430 ad
1633 5380 1721 5430 sedem
1737 5391 1800 5444 apo·

1011 5475 1135 5531 stolicarn
1165 5468 1346 5546 personaliter
1375 5467 1521 5524 accesserit
1540 5465 1715 5538 judicandus,
1737 5467 1800 5536 quia

1012 5577 1104 5623 tamen
1121 5581 1171 5623 vos
1192 5581 1224 5620 cx
1247 5563 1387 5619 vicinitate
1404 5560 1523 5616 lurcorum
1547 5569 1575 5614 et
1594 5558 1689 5614 notitia
1709 5573 1802 5626 persu-

1012 5675 1109 5714 narum
1126 5657 1241 5727 potestis
1254 5655 1361 5728 plenius
1379 5665 1407 5710 et
1421 5653 1568 5726 perfectius
1582 5666 1673 5706 rerum
1694 5661 1719 5703 et
1735 5663 1802 5704 treun-

1011 5769 1107 5823 porum
1130 5749 1352 5810 circumstantias
1373 5747 1521 5820 indagare,
1536 5747 1710 5818 presentium
1726 5745 1802 5799 vobis
