4109 6325
194 357 249 421 ns
668 340 1381 417 mmmnmmmmmmmmm.
1774 376 1827 433 m

291 532 341 587 lili
361 528 513 589 nunerio
532 520 693 585 contullit
714 524 873 597 TObOSAE,
894 525 1135 587 CONVENARUM
1152 528 1248 601 ruti,
1269 530 1314 587 ΕΤ
1333 530 1505 591 cisionis
1525 535 1568 591 lili
1587 539 1735 599 sentino.

984 647 1022 663 ἡ

528 721 652 787 xxiiii.
998 736 1023 798 A
1040 734 1112 787 tinne
1126 729 1283 787 innodatum
1297 740 1418 787 vestruin
1434 734 1517 791 lulius
1535 740 1647 810 exsequi
1664 742 1828 808 valeremus.

384 798 547 873 ils‘utpetio
563 803 664 857 comitis
674 800 809 857 Teiorniii.

232 878 289 947 (tl)
298 872 561 932 SanctissimoPatri
576 882 603 927 et
615 872 809 941 benignissimo
824 872 933 931 iloiniuo
944 874 985 928 lii·

191 949 324 1007 'nocentio
338 946 384 1001 liei
404 945 492 1015 gratia
514 958 621 998 summo
635 943 755 1011 pontifici
781 940 914 1013 lliigosola
937 944 985 1001 bei

197 1018 379 1093 permissione
390 1012 522 1087 liegensis
532 1014 710 1095 episcopusct
720 1010 863 1069 Tliedisins
876 1014 986 1070 canoni·

197 1104 247 1145 cus
258 1086 416 1151 lintrensis,
432 1083 549 1141 humiles
562 1097 633 1138 servi
649 1096 718 1151 epis,
734 1098 795 1138 cuin
816 1083 986 1152 longitudine

197 1159 301 1217 dierum
319 1166 347 1213 et
359 1155 413 1211 vita
435 1154 558 1224 perenni,
578 1153 612 1207 nd
632 1152 725 1209 oscula
747 1152 844 1222 pedum
870 1155 985 1225 seipsos.

198 1228 344 1285 sanctitati
369 1236 467 1281 vestrae
487 1222 671 1277 insinuatione
685 1222 862 1292 presentium
879 1222 985 1279 innote-

198 1298 337 1381 scatquod
358 1295 391 1351 de
405 1293 479 1350 laeto
493 1294 602 1349 comitis
617 1291 755 1359 Tolosam,
771 1294 843 1364 qnod
863 1292 926 1347 oliui
941 1294 984 1348 in-

197 1368 365 1425 sufficientiae
390 1375 490 1421 nostre
522 1362 692 1433 providentia
715 1372 806 1419 vestra
828 1364 984 1429 commisit,

195 1439 381 1511 processimus
393 1436 418 1491 iii
436 1437 508 1492 bunc
522 1434 641 1489 niodum.
654 1431 727 1488 Saue
740 1433 814 1503 prins
827 1434 896 1501 apnd
912 1430 984 1487 Snu-

196 1517 271 1565 etum
287 1506 424 1579 AEgiilium
446 1504 515 1560 inira
536 1512 589 1559 tres
613 1516 721 1558 menses
742 1504 889 1559 senuiidum
911 1511 985 1557 teno-

195 1595 256 1636 rem
275 1574 416 1648 apostolici
429 1574 551 1643 rescripti
568 1572 714 1629 concilium
732 1572 876 1627 babuimus
895 1572 985 1627 aielri-

197 1664 212 1703 e
233 1647 407 1719 iscopornin,
423 1645 615 1715 episcoporum
626 1653 658 1699 et
678 1640 792 1697 alioruoi
809 1640 983 1709 pralaturuin

221 1718 337 1783 eclesiae,
352 1717 482 1772 baronum
497 1715 597 1779 etiam,
612 1720 640 1768 e't
653 1711 769 1767 aliorum
782 1726 897 1781 qnnrnui
917 1726 984 1781 prae-

1038 802 1138 859 Vernm
1149 817 1200 872 ego
1213 801 1521 871 'lliedisinsgravissiina
1532 808 1690 868 inienuitate
1702 829 1826 883 praeven-

1035 879 1095 954 tus,
1117 870 1233 955 etinnlti
1256 886 1290 925 er
1306 872 1434 955 praelatis,
1455 876 1518 945 quia
1533 882 1669 945 generalis
1687 889 1829 957 corrupiio

1038 958 1112 999 aeris
1143 946 1180 997 ibi
1215 948 1285 1004 erat,
1310 956 1482 1010 nequivimus
1510 948 1645 1017 colloquio
1670 954 1826 1023 interesse;

1037 1016 1131 1082 sicque
1145 1012 1246 1069 lactuin
1260 1019 1302 1067 est
1315 1020 1344 1065 ut
1363 1015 1517 1070 necessario
1541 1020 1676 1087 negotium
1697 1020 1823 1082 differre·

1037 1093 1092 1139 tur.
1113 1080 1215 1138 lieinde
1246 1082 1335 1135 nando
1353 1091 1458 1152 tempus
1471 1086 1615 1145 lialniimns
1626 1104 1826 1163 opportunum,

1036 1151 1205 1209 venerabiies
1226 1098 1324 1207 ffatres
1348 1150 1533 1209 Narbonensis
1560 1159 1715 1225 apostolice
1747 1166 1824 1223 sedis

1037 1226 1141 1295 legatus
1161 1231 1188 1276 et
1202 1220 1410 1291 burdegalensis
1423 1224 1640 1295 arcliiepiscopi,
1662 1233 1737 1287 multi
1751 1248 1826 1301 prae-

1038 1305 1112 1352 terea
1135 1290 1266 1361 episcopi,
1291 1299 1318 1344 et
1342 1291 1388 1345 alii
1404 1291 1589 1349 Ecclesiarnni
1604 1298 1719 1365 praelnii,
1745 1302 1823 1370 inita

1037 1362 1162 1421 Tolosam
1184 1360 1256 1430 apud
1279 1360 1398 1415 Vaumm
1415 1363 1449 1414 ad
1469 1362 1625 1419 citationem
1647 1378 1769 1425 nostiam
1790 1375 1825 1431 ad

1036 1432 1183 1492 concilium
1208 1438 1395 1486 convenerunt
1423 1433 1595 1501 rauciens,
1618 1448 1699 1503 prout
1716 1442 1828 1499 teurba·

1036 1520 1110 1567 iiiur,
1130 1503 1156 1557 in
1183 1510 1257 1555 tanto
1272 1500 1381 1571 negotio
1393 1501 1536 1557 consilium
1554 1505 1749 1572 requisivimus
1763 1510 1827 1565 uiti-

1054 1584 1142 1629 enter.
1167 1570 1219 1641 lpsi
1243 1584 1307 1626 vero
1330 1571 1527 1640 postmultum
1553 1574 1778 1633 deliberationem
1798 1588 1827 1636 et

1035 1591 1191 1713 fiiligcntein
1204 1647 1352 1696 tractatum
1366 1640 1510 1696 consilinm
1525 1657 1605 1699 suum
1621 1646 1699 1701 uobis
1712 1650 1737 1702 in
1754 1652 1826 1705 scri-

1035 1715 1089 1779 ptis
1107 1712 1248 1773 dederunt,
1268 1720 1395 1779 warrior,
1409 1711 1519 1767 iioiiiinc
1531 1713 1665 1778 omniurn,
1677 1716 1826 1789 sigillatum

197 1788 314 1845 sentiani
328 1786 451 1842 novimus
467 1794 665 1855 opportunam
688 1790 752 1836 aiite
766 1781 859 1836 oiiioia
873 1796 922 1852 per
940 1779 984 1835 lit·
1035 1784 1141 1855 sigillis,
1159 1779 1370 1836 sicutdeverbo
1387 1779 1422 1834 ad
1441 1779 1555 1839 verbum
1579 1781 1693 1842 inierint
1715 1788 1824 1858 plenius

199 1870 274 1916 teras
288 1867 395 1914 nostras
408 1854 499 1910 cainiti
516 1861 666 1909 memorato
681 1851 840 1907 mandantes
857 1860 885 1905 ut
898 1850 985 1907 linere·
1033 1854 1201 1911 continetur.

196 1932 269 1986 ticos
285 1937 313 1983 et
324 1924 438 1981 rotarios
448 1925 482 1979 de
494 1931 567 1978 terra
582 1938 632 1977 sua
647 1922 811 1992 expelleret,
825 1919 878 1975 alia
901 1922 982 1977 etiarn
1070 1924 1099 1979 ln
1127 1919 1237 1977 noiiiioe
1257 1917 1363 1974 liooiini
1395 1924 1481 1978 nostri
1507 1922 1572 1981 iesu
1595 1924 1708 1984 Christi.
1726 1928 1823 1987 Amen.

198 1998 324 2055 mamlma
337 1993 461 2064 impleret
471 1991 610 2049 liumiliter
622 1992 657 2047 ad
672 2007 732 2059 quae
744 1992 888 2047 tenebatur
902 1992 984 2045 astri·
1036 1994 1093 2049 linc
1103 2003 1145 2049 est
1157 1990 1299 2046 consilium
1310 1989 1383 2058 qnod
1399 1990 1525 2049 dominns
1536 1995 1721 2053 Narbonensis
1731 2004 1822 2057 arclil-

198 2080 258 2125 ctus
277 2065 400 2136 plurilins
411 2062 594 2133 juramentis;
613 2076 647 2117 iie
668 2063 690 2117 si
706 2061 777 2117 lorte
790 2062 918 2116 nisiidata
937 2061 980 2115 illa
999 2082 1019 2137 Β
1035 2066 1189 2135 episcopiis,
1212 2060 1366 2129 apostolica
1380 2062 1453 2117 sedis
1464 2062 1578 2135 legatus,
1593 2073 1622 2120 et
1634 2067 1680 2121 alii
1691 2066 1827 2127 Ecclesia·

198 2138 312 2209 implere
331 2134 495 2261 negligeret,
511 2132 663 2205 purgationi
686 2148 743 2187 suas
759 2130 981 2201 impedimentum
1035 2150 1094 2189 ruin
1115 2130 1219 2201 iiralati
1241 2130 1286 2199 qui
1300 2130 1409 2185 luerunt
1431 2133 1458 2187 iu
1475 2136 1590 2192 eoiieilio
1603 2138 1673 2206 apud
1690 2138 1823 2209 tamaii,

197 2214 349 2278 praestaret.
382 2199 942 2273 iiiiiquevneatusvcuissctailcoiicilinm,
956 2210 983 2256 ct
1033 2204 1170 2258 dederunt
1188 2199 1306 2269 liegensi
1331 2201 1459 2272 episeopo
1481 2214 1509 2259 ei
1537 2207 1668 2278 „inguim
1696 2206 1826 2267 qudpsqo

197 2292 247 2348 per
266 2276 358 2346 operis
376 2274 538 2330 eviiieiitiam
557 2270 701 2328 rnaiiileste
722 2270 983 2327 uobisettoticou-
1033 2274 1165 2329 canonico
1189 2266 1317 2324 lauriensi
1343 2270 1482 2341 judicibus
1512 2276 1645 2345 delegatis
1671 2294 1687 2334 a
1717 2281 1826 2336 domiuo

197 2348 261 2403 cilio
274 2346 442 2401 constitisset
452 2345 525 2415 qumi
542 2346 669 2398 mandata
685 2356 745 2411 rinae
760 2342 794 2397 de
808 2340 944 2396 liaereticis
955 2349 982 2395 et
1033 2353 1102 2413 papa
1126 2354 1209 2410 super
1225 2341 1334 2408 negotio
1348 2341 1458 2399 coniitis
1470 2344 1609 2403 Toliisaui.
1623 2347 1826 2407 consuluerunt

200 2417 309 2475 rotariis
322 2415 488 2487 expellendis
501 2425 529 2471 et
542 2414 603 2469 aliis
614 2413 704 2467 causis
716 2411 808 2467 uiuitis
823 2419 851 2465 ct
866 2411 982 2481 negotiis
1033 2414 1105 2469 eiiiin
1124 2412 1164 2467 cis
1177 2408 1249 2479 quod
1265 2424 1358 2466 mines
1371 2409 1521 2471 Telesinus
1533 2428 1646 2489 propter
1660 2419 1825 2488 multiplicer

199 2486 315 2545 diversis
336 2482 504 2555 temporibus
518 2501 533 2539 a
549 2482 665 2538 diversis
677 2482 772 2554 legatis
785 2521 793 2545 ,
805 2490 832 2537 et
844 2481 982 2551 precipio
1034 2495 1132 2541 causas
1156 2479 1317 2535 errationes
1334 2495 1388 2537 non
1409 2481 1524 2542 debebat
1538 2488 1573 2543 ab
1588 2490 1628 2544 eis
1640 2491 1673 2544 ad
1688 2491 1827 2561 purgatio·

198 2573 214 2613 ι
228 2560 304 2615 boia
316 2556 452 2611 nieiiioritc
467 2555 596 2625 ningistro
608 2551 716 2617 lliloiie,
728 2552 778 2607 sibi
792 2550 863 2605 lacta
876 2550 983 2605 liieiaiit
1033 2569 1095 2609 iicni
1110 2550 1228 2616 advoluti,
1241 2557 1295 2602 turn
1306 2564 1389 2619 super
1398 2555 1512 2611 erimine
1524 2557 1659 2614 liaercticae
1668 2560 1822 2630 pravitatis,

197 2644 252 2687 oon
263 2626 420 2697 impleverat
432 2638 482 2679 uec
496 2624 785 2694 iinplebat,coiisilinin
799 2621 850 2676 luit
861 2620 981 2676 ouiiiiuiii
1033 2638 1116 2695 qnam
1134 2634 1218 2690 super
1231 2632 1297 2673 nece
1314 2619 1408 2690 legati.
1424 2621 1539 2681 Constat
1552 2628 1624 2683 eiiiiii
1639 2638 1668 2683 et
1687 2630 1823 2686 notorium

197 2710 227 2757 et
247 2697 398 2756 communis
420 2694 590 2759 deliberatio,
612 2694 700 2763 ipsum
725 2709 777 2749 iioii
798 2692 896 2747 debere
919 2700 983 2747 tunc
1033 2702 1076 2749 est
1086 2692 1159 2763 quod
1173 2690 1207 2743 de
1217 2688 1385 2757 expellendis
1399 2690 1538 2752 hereticis
1548 2706 1576 2751 et
1587 2699 1696 2754 rotariis
1706 2699 1740 2755 de
1753 2708 1825 2754 terra

199 2768 328 2841 temporis
344 2768 378 2821 ad
391 2766 580 2836 purgationem
600 2763 717 2819 adiiiitti.
734 2762 793 2819 Nou
814 2762 886 2816 enini
909 2762 984 2816 vcii·
1034 2779 1083 2820 sna
1095 2772 1122 2817 et
1136 2760 1197 2817 aliis
1211 2758 1304 2815 multis
1319 2760 1442 2816 articulis
1456 2765 1592 2821 multoties
1612 2768 1825 2837 prestititinra-

199 2842 291 2898 simile
304 2836 525 2906 videbaturquod
539 2836 565 2889 iii
578 2835 662 2889 tontis
672 2834 843 2898 criiiiinilius,
859 2830 983 2887 videlicet
1034 2844 1124 2891 mente
1140 2833 1167 2888 in
1179 2829 1304 2886 inanibus
1315 2830 1476 2902 legatorum.
1489 2848 1603 2903 qiiorum
1619 2838 1720 2893 uullain
1732 2853 1827 2893 serva-

197 2926 279 2981 super
293 2908 390 2967 basresi
407 2916 435 2964 et
450 2919 517 2961 nece
528 2904 627 2977 legati,
642 2904 710 2959 bene
723 2904 830 2974 jiiraret
844 2906 888 2975 qni
904 2903 982 2957 toties
1034 2908 1082 2961 vit.
1107 2902 1164 2958 luio
1179 2908 1322 2971 postquam
1343 2902 1378 2955 ali
1399 2903 1547 2968 apostolica
1566 2908 1631 2963 sede
1649 2908 1739 2972 rediit,
1752 2910 1824 2978 apud

94 2974 97 2979 ’
198 2972 981 3043 iiiniinnribuscausisetarticulissnnluerntjuramciiia
1033 2990 1116 3046 quain
1139 2972 1253 3027 multain
1278 2970 1494 3027 misericordiam
1520 2984 1549 3031 et
1573 2976 1689 3047 gratiam
1720 2979 1826 3033 triventi

199 3062 394 3123 transgressus.
417 3047 568 3119 lujnnntuui
593 3046 683 3117 itaque
697 3044 747 3101 sibi
763 3045 813 3099 luit
833 3042 983 3114 apriclaiis
1035 3046 1104 3101 ultra
1123 3055 1235 3099 snorum
1253 3041 1418 3110 exigentiam
1446 3048 1603 3100 meritorum
1619 3085 1627 3112 ,
1653 3048 1824 3117 iniquitatem

218 3122 245 3178 ui
257 3127 442 3180 convenerant
461 3119 495 3173 ail
509 3112 673 3185 colloquium
686 3122 743 3170 eta
762 3116 841 3172 uobis
855 3124 884 3171 ut
896 3110 982 3167 baere-
1035 3117 1072 3172 iiii
1093 3114 1172 3171 nitati
1193 3124 1350 3183 apponeris,
1365 3114 1476 3168 ailauiit
1495 3114 1629 3186 pedagii,
1658 3118 1826 3202 impugnavit

198 3207 268 3251 ticos
280 3203 308 3249 et
321 3191 439 3249 rotarios
453 3189 487 3242 de
504 3201 553 3242 suu
566 3187 690 3242 districtu
706 3185 871 3256 expelleret,
886 3189 913 3241 et
929 3183 981 3238 alia
1035 3133 1185 3244 sufficerem
1200 3192 1228 3238 et
1242 3194 1336 3251 pacem
1347 3197 1409 3237 cuin
1425 3183 1533 3239 rotariis
1547 3197 1574 3240 et
1588 3185 1724 3243 hereticis
1738 3204 1825 3245 inces-

198 3264 376 3321 nibilominus
391 3257 515 3330 impleret
532 3257 670 3313 liuioiliter
684 3257 823 3312 etdevote
838 3253 982 3326 dequibus
1034 3268 1128 3316 canter
1152 3255 1302 3322 iiiipngiiat,
1318 3254 1466 3322 receptavit
1476 3254 1638 3324 haereticos,
1649 3257 1717 3312 levit
1736 3266 1762 3314 et
1786 3259 1826 3312 in-

197 3336 342 3391 ronstnbnt
374 3331 462 3402 ipsunt
488 3325 652 3398 iuraineiiis
679 3327 805 3398 plurimis
833 3325 982 3398 obligatum
1034 3339 1089 3392 vet,
1120 3336 1149 3381 et
1171 3335 1273 3394 quanta
1298 3324 1386 3392 putuit
1409 3333 1436 3378 ct
1460 3332 1549 3391 potest
1571 3326 1822 3383 rirtntedeieiidit.

197 3406 297 3470 liiisse;
323 3411 458 3473 qnatenus
485 3413 548 3452 cuin
573 3399 599 3450 iii
622 3396 655 3452 iis
683 3407 711 3452 et
735 3397 796 3452 aliis
817 3412 845 3452 sc
871 3398 981 3464 dignuin
995 3421 1021 3492 c*
1035 3397 1109 3454 lliile
1123 3397 1285 3472 insiiperuet
1305 3391 1377 3446 ultra
1398 3393 1432 3448 de
1453 3396 1650 3466 crucesignatis
1669 3398 1778 3454 clericis
1797 3407 1825 3454 et

198 3475 319 3538 iecisset,
339 3467 460 3542 requisiti
471 3468 506 3522 ab
520 3467 579 3537 ipso
591 3467 664 3524 circa
681 3481 826 3537 personam
841 3467 900 3538 eins
917 3480 983 3534 apo·
1035 3469 1111 3525 laicis
1123 3464 1217 3520 rotarii
1229 3474 1288 3529 eius
1304 3469 1332 3516 et
1349 3464 1495 3531 complices
1520 3466 1689 3522 occiderunt.
1704 3464 1827 3523 Preter-

197 3545 321 3602 stolicum
333 3551 545 3610 exsequerentur
557 3539 722 3594 mandatnm.
735 3538 838 3607 iltipse
852 3536 984 3592 recedens
1034 3555 1067 3596 ea
1097 3536 1221 3593 abbatem
1259 3533 1294 3586 dc
1329 3531 1519 3590 lloiitealbann
1553 3535 1612 3594 lere
1647 3549 1696 3606 per
1722 3552 1825 3593 annuin

198 3615 316 3676 anobis,
336 3626 388 3667 non
400 3611 488 3666 soloni
503 3621 556 3662 noii
574 3607 768 3678 implevitque
782 3607 982 3671 innodavimus,
1035 3619 1146 3693 captum
1170 3601 1308 3667 detinuit,
1337 3604 1463 3659 abbatem
1495 3605 1529 3660 de
1554 3605 1694 3679 llopsiaco
1716 3608 1823 3676 coepit,

197 3700 291 3740 veruin
303 3685 381 3737 datiis
392 3681 419 3734 iii
434 3679 578 3746 reprobum
592 3691 701 3733 sensnm
720 3693 753 3734 ex
770 3687 837 3743 toto,
848 3677 983 3732 etoblitus
1034 3695 1050 3736 e
1070 3689 1191 3744 iscopum
1205 3674 1395 3744 Agenoeusem
1410 3674 1443 3729 de
1455 3678 1566 3744 propria
1578 3680 1642 3734 sede
1662 3692 1723 3734 cum
1749 3687 1824 3732 reta·

199 3755 311 3810 multam
324 3752 480 3823 gratiaiiiet
500 3747 715 3803 misericordiam
728 3763 808 3819 qnam
832 3747 901 3802 nitra
920 3760 983 3802 suo·
1035 3750 1084 3806 riis
1106 3744 1198 3810 eiecit,
1215 3753 1243 3798 et
1263 3743 1375 3798 civitate
1397 3757 1445 3799 ιιι
1470 3755 1498 3800 θῑ
1525 3748 1587 3804 ellit
1604 3749 1683 3806 bonit
1697 3747 1825 3804 omnibus

198 3839 259 3882 riiiii
271 3823 433 3892 ctigcutiam
447 3818 604 3873 nieritorum
619 3819 688 3888 apud
702 3819 879 3888 apostolicam
890 3819 981 3872 sedeui
1035 3817 1170 3890 spoliavit,
1183 3813 1404 3869 etdamuillcavit
1414 3827 1477 3870 euni
1494 3816 1521 3871 iii
1535 3818 1652 3872 valentin
1667 3819 1823 3888 quindecim

197 3895 312 3960 invenit,
333 3892 415 3964 coepit
434 3888 569 3960 iniquitati
595 3889 765 3957 iniquitatem
791 3901 929 3958 apponere
950 3901 983 3941 ac
1035 3890 1149 3946 millinio
1163 3883 1321 3940 solidorum.
1332 3885 1408 3938 ouen
1423 3895 1554 3954 praeterea
1568 3888 1716 3945 infamatus
1730 3888 1781 3943 luit
1797 3899 1825 3946 et

197 3963 344 4040 preteritis
365 3959 613 4016 abominationibus
633 3967 661 4014 et
679 3959 839 4015 criminibus
857 3956 983 4012 comuiit-
1034 3968 1077 4016 est
1090 3961 1124 4015 de
1139 3954 1264 4012 haeresia
1282 3954 1370 4026 longis
1384 3965 1456 4011 retro
1467 3959 1635 4028 temporibus
1652 3961 1723 4027 aiiuil
1739 3961 1825 4014 lioiins

199 4047 257 4093 tere
271 4035 419 4104 graviora:
442 4041 658 4100 propterqnaea
680 4025 777 4099 legatis
792 4027 827 4082 de
844 4027 982 4082 communi
1034 4041 1062 4085 et
1086 4042 1184 4100 graves
1210 4026 1282 4096 quod
1311 4025 1503 4082 invincibiliter
1527 4031 1701 4099 praesumitur
1728 4041 1824 4086 contra

196 4106 311 4162 consilio
348 4101 522 4172 prelatorum
557 4097 694 4154 multoties
721 4099 772 4170 init
803 4098 983 4153 anathematis
1034 4101 1134 4170 ipsum.
1152 4099 1269 4167 Propter
1289 4097 1355 4152 istas
1377 4106 1406 4152 et
1419 4097 1486 4154 alias
1500 4100 1632 4169 plurimas
1647 4100 1825 4156 enormitates

197 4189 328 4232 niocrone
340 4184 496 4242 percussus,
512 4177 539 4226 et
551 4170 673 4239 exposita
686 4179 758 4224 terra
773 4168 843 4238 ejus.
857 4165 912 4222 Nec
927 4182 983 4223 erc
1034 4179 1063 4226 et
1075 4168 1235 4224 manifestos
1248 4180 1378 4223 excessus
1393 4167 1479 4238 ipsius
1492 4209 1501 4236 ,
1516 4184 1577 4242 quae
1595 4170 1687 4225 omnia
1711 4168 1822 4238 longum

197 4249 244 4302 dat
255 4243 401 4316 apostolica
413 4241 617 4308 circumspectio
628 4255 677 4294 iios
690 4238 896 4309 iriensequendo
908 4252 983 4290 iunii·
1033 4250 1077 4296 est
1097 4253 1240 4303 enarrare,
1264 4238 1391 4295 diaeruiit
1412 4241 1517 4310 praelati
1545 4250 1573 4296 et
1597 4240 1770 4297 concorditer
1785 4255 1823 4294 re

197 4318 262 4371 dato
276 4325 367 4370 restro
381 4309 517 4368 exstitisse
528 4309 698 4378 aliquatenus
714 4308 822 4366 desides
835 4307 877 4364 vel
889 4309 983 4362 remis·
1034 4310 1204 4381 spnmleruot
1218 4309 1289 4379 quod
1303 4307 1371 4363 adeo
1387 4325 1418 4364 se
1441 4309 1505 4368 lecit
1523 4311 1663 4383 indiguum
1678 4320 1707 4364 ut
1722 4311 1746 4364 ei
1764 4308 1824 4366 lieri

197 4401 253 4442 sos.
285 4383 440 4454 Saepissime
469 4379 541 4434 euim
567 4381 669 4433 dictum
702 4381 826 4436 coniitem
851 4393 884 4434 cii
906 4387 983 4447 parte
1034 4382 1112 4452 copia
1129 4379 1560 4450 Evaiigeliorumnoodebcreta
1576 4381 1730 4451 legatisvel
1749 4381 1824 4452 judi·

197 4467 289 4512 vestra
303 4453 448 4510 citavimus
461 4487 469 4516 ,
481 4459 510 4504 et
522 4449 555 4503 ad
569 4449 741 4518 praesentiam
752 4459 874 4504 nostiam
889 4449 983 4503 venire
1035 4453 1111 4508 cibus
1122 4450 1265 4520 delegatis,
1282 4460 1310 4505 ct
1322 4451 1406 4505 ctiam
1424 4451 1488 4522 quia
1502 4454 1550 4508 tali
1562 4449 1825 4508 excommunicatio·

197 4524 381 4594 cuiitempsit;
401 4536 452 4577 iiec
476 4519 675 4575 venerabilibus
690 4518 816 4574 Patribus
834 4517 983 4589 Carpento-
1036 4525 1080 4578 uis
1092 4535 1191 4593 genere
1204 4531 1315 4591 propter
1333 4534 1365 4575 ea
1381 4538 1442 4590 quae
1453 4522 1526 4579 dicta
1542 4531 1608 4580 suut
1619 4532 1727 4578 tenetur
1740 4521 1822 4576 astri·

197 4595 318 4651 ructensi
334 4603 362 4650 et
384 4589 544 4648 Vasionensi
560 4587 693 4658 episcopis
710 4588 854 4645 etclcricis
864 4603 957 4644 eorum
973 4630 981 4656 ,

196 4667 296 4735 quibus
307 4664 435 4734 usquead
449 4674 581 4714 sumniam
592 4661 649 4714 lere
663 4659 736 4715 inille
749 4661 922 4716 marciarum
936 4673 983 4728 per

1034 4605 1093 4649 cina
1107 4592 1178 4663 quod
1190 4596 1225 4648 ab
1235 4594 1345 4648 eissine
1359 4591 1469 4660 speciali
1490 4596 1618 4649 uraiidato
1632 4593 1732 4648 doiniiii
1749 4604 1826 4659 papae

1035 4678 1089 4718 non
1113 4671 1202 4732 potest
1227 4663 1340 4718 absolvi.
1357 4661 1462 4716 Placuit
1486 4665 1559 4718 eiiioi
1581 4663 1629 4717 toti
1656 4663 1772 4716 coneilio
1794 4669 1825 4714 nt

197 4733 284 4790 meli
319 4749 410 4789 eiiseiii
431 4739 460 4786 et
474 4730 550 4786 burin
566 4733 704 4785 memoria·
719 4731 880 4801 iringistruoi
904 4727 982 4783 ldilo·
1035 4748 1153 4803 praesens
1173 4734 1305 4804 scripturn
1326 4731 1421 4803 sigillis
1433 4731 1499 4788 ilicti
1516 4732 1618 4788 domitii
1639 4731 1825 4788 Narboni-neit

196 4821 259 4860 nem
272 4750 323 4860 εῗιῖι
338 4818 418 4875 poeua
435 4801 725 4856 excommunicationis
737 4801 872 4871 quondam
892 4799 981 4856 luerat
999 4770 1019 4825 ὓ
1033 4805 1230 4874 archiepiscopi
1246 4814 1274 4858 et
1288 4802 1432 4865 aturensis,
1445 4801 1582 4868 Tolosani,
1593 4814 1621 4857 et
1634 4801 1825 4857 Convenarum

196 4876 393 4930 conminiiatus
403 4911 410 4938 ,
422 4882 449 4927 ct
459 4871 520 4924 aliis
531 4869 721 4925 ecclesiasticis
733 4880 760 4926 et
779 4868 981 4926 miserabilibus

197 4945 333 5015 personis,
345 4958 412 5015 quas
424 4941 650 5004 eiliarsdarerat,
663 4941 747 4996 voluit
761 4940 920 4997 satisfacere
934 4953 980 4993 cu-

197 5029 257 5070 rarn
268 5017 355 5081 nobis,
368 5028 428 5083 qnae
440 5011 530 5067 oiiiuia
546 5021 594 5078 per
606 5011 786 5067 venerabilem
807 5012 913 5067 Patrem
929 5009 981 5065 lle-

196 5099 369 5142 mauseuseiu
383 5083 551 5153 episcopum,
569 5089 631 5136 tuuc
644 5083 736 5136 Stricti
752 5081 821 5136 liudi
836 5082 979 5147 abbatem,

196 5164 226 5211 ct
239 5155 346 5212 litteras
360 5165 468 5210 nostras
488 5161 515 5205 et
531 5165 579 5221 per
601 5165 644 5206 iiie
658 5150 814 5206 Tliedisiuni
827 5193 835 5219 ,
848 5155 892 5234 qui
908 5163 983 5220 post-

196 5225 307 5282 modnm
321 5223 354 5280 ad
367 5224 448 5295 pedes
459 5230 564 5276 vestros
578 5222 692 5285 accessi,
708 5222 867 5290 benignitati
883 5237 979 5277 vcsirie

195 5297 352 5350 curavimus
363 5291 570 5364 diligentissime
580 5291 717 5346 iutimare.
732 5290 877 5363 Postquam
887 5301 979 5348 autern

195 5381 211 5418 a
225 5365 391 5421 beatitudine
412 5373 502 5418 restra
520 5361 571 5417 linc
584 5377 656 5416 auno
670 5364 822 5431 incepimus¹
834 5377 917 5432 snper
932 5378 979 5419 eo·

196 5434 259 5490 Ptin
286 5436 394 5506 negotio
417 5434 544 5488 iteratum
571 5433 737 5498 niaridatuiu,
761 5433 825 5488 licet
845 5449 860 5487 a
882 5435 981 5489 coinite

195 5502 255 5575 ipso
268 5521 406 5575 nunqnam
418 5503 549 5558 lueriiiius
563 5501 704 5572 requisiti,
720 5504 791 5626 apud
805 5505 979 5560 Auenioueii·

194 5587 253 5628 seni
277 5575 415 5631 civitatem
449 5575 475 5628 iu
500 5571 640 5628 Provincia
672 5582 802 5628 contnuo
824 5573 981 5629 vocavimus

195 5643 379 5702 Ecclesinruni
390 5643 515 5714 praelatos
525 5679 533 5707 ,
545 5655 660 5711 quorum
678 5643 791 5700 consiliu
804 5653 833 5700 et
844 5643 980 5700 delibera-

1033 4875 1222 4942 episcoporum
1237 4887 1287 4928 siro
1301 4880 1328 4926 ct
1344 4871 1458 4926 alioruin
1474 4876 1584 4929 nomine
1596 4873 1760 4942 signaretur.

1069 4945 1102 4998 lit
1116 4943 1178 5012 quia
1198 4959 1251 4999 tion
1277 4953 1433 5011 poteramus
1455 4943 1489 4996 ad
1514 4943 1703 5016 purgationem
1729 4943 1822 5014 injun-

1033 5014 1149 5085 geiidaui
1178 5013 1270 5069 coiiiiti
1297 5015 1452 5083 procedere,
1474 5014 1552 5084 juxta
1565 5013 1708 5069 consilinm
1724 5013 1822 5082 praela·

1035 5095 1124 5139 torum
1139 5084 1304 5152 perlitteras
1320 5094 1429 5140 nostras
1438 5086 1481 5140 bis
1497 5085 1639 5155 protestati
1658 5087 1760 5140 ininius
1775 5097 1823 5138 co-

1034 5155 1094 5209 miti
1114 5167 1186 5222 saepe
1204 5153 1277 5210 dieto
1290 5157 1361 5224 quod
1378 5171 1426 5222 per
1447 5156 1534 5225 ipsuui
1560 5155 1649 5211 stabat
1662 5164 1691 5210 et
1713 5153 1825 5223 iiiipedi·

1035 5234 1155 5281 mentnui
1172 5225 1336 5294 prestiterat
1362 5240 1397 5281 ne
1422 5224 1524 5282 lactum
1548 5226 1633 5296 ipsius
1647 5235 1739 5310 posset
1753 5223 1824 5276 ulte

1035 5295 1093 5349 rius
1109 5293 1208 5352 iiabere
1233 5311 1407 5366 progressuro
1428 5297 1532 5366 absque
1558 5311 1658 5353 sumini
1686 5293 1825 5362 pontilicis

1035 5364 1144 5420 licentia
1168 5364 1288 5436 speciali.
1306 5365 1443 5433 Proiecto,
1461 5376 1561 5436 praeter
1578 5366 1646 5423 alias
1664 5365 1823 5436 iniquitates

1035 5435 1290 5493 etabomiiiationos
1308 5437 1404 5508 ipsius,
1420 5438 1547 5494 abbatem
1571 5437 1606 5493 de
1629 5435 1826 5492 Moiitcalbann.

1034 5503 1093 5561 iere
1106 5521 1155 5576 per
1167 5523 1268 5564 annunt
1280 5517 1406 5563 tenuerat
1418 5508 1534 5564 viriculis
1551 5508 1749 5576 mancipatum,
1769 5519 1821 5584 ure

1035 5591 1088 5630 noii
1100 5577 1135 5634 de
1146 5579 1211 5634 sede
1226 5579 1335 5648 propria
1359 5580 1438 5635 bonis
1451 5579 1579 5636 omuibus
1603 5575 1749 5648 spoliatum
1768 5589 1824 5643 eic-

1034 5657 1109 5702 cerat
1129 5647 1285 5721 episcopani
1313 5649 1514 5720 brennensem.
1538 5650 1599 5722 lpse
1628 5657 1717 5706 nirieu
1742 5647 1824 5704 nobis

230 5753 1347 5861 ummmmmmmmmmmmmmmmmmm.
