4109 6325
178 323 230 386 511
643 312 894 374 costittcstbs
913 311 1005 371 stilo
1023 309 1091 381 llll,
1111 311 1247 373 CHRISTI
1266 311 1345 370 titt.
1752 319 1810 383 m

211 442 308 496 listrnn
322 437 464 497 Laterani.
477 449 513 490 ιιι
527 433 641 490 llalend.
655 432 808 500 Februarii,
820 431 965 503 pontiden·
977 436 1002 496 ,i
1015 431 1067 502 Qui
1083 430 1240 487 ntartdntntu
1255 429 1433 498 apostolicum
1455 433 1645 498 exsequentes,
1664 427 1806 500 utriusque
1827 487 1830 499 ,

177 543 219 588 tvvs
233 530 317 586 nostri
330 544 402 583 arvtro
419 525 629 583 tertiodecimo.
1018 520 1103 591 partis
1121 519 1243 590 veccptis
1258 517 1382 585 testibus,
1397 527 1424 572 et
1446 515 1663 574 confessionibus
1685 531 1717 574 ac
1739 519 1806 576 alle-

1017 605 1172 683 gationlbus
1194 607 1352 673 intellectis,
1365 609 1488 664 eamdem
1510 622 1621 664 causam
1643 605 1829 668 sufficienter

228 767 367 814 “ww
379 766 467 810 nm
483 657 709 809 'offlam
726 759 901 806 mum
1017 700 1178 756 instructam
1201 699 1235 754 ad
1257 707 1378 756 nostrum
1408 699 1570 757 remiserunt
1587 715 1712 759 eramen.
1738 699 1807 760 Cum
1829 749 1831 758 .

380 863 562 936 enar
572 865 599 919 a
1017 789 1396 952 ιιιιιιιιιιι
1407 791 1726 952 solberet:
1736 792 1808 940 ιιι
1827 829 1833 860 ⁸

342 965 499 1038 (Laterani.
514 980 541 1021 ¹¹
558 963 619 1021 Kti-
632 963 800 1038 Februarii.)
1017 974 1084 1030 setis
1097 971 1244 1044 presentia
1267 970 1407 1030 coristituti
1424 978 1452 1026 ιι
1465 979 1525 1027 acta
1542 973 1599 1044 ipsa
1615 973 1713 1044 inspici
1733 973 1806 1030 lece-

210 1079 380 1153 pmposupsrr
408 1076 509 1135 dudum
534 1093 626 1135 coram
651 1077 751 1135 ιιιιιιο
776 1075 832 1134 fllin
858 1073 968 1147 Pelagio
1018 1071 1103 1128 rimus
1118 1069 1277 1144 diligenter,
1292 1081 1340 1141 per
1354 1065 1550 1140 pertinentiam
1573 1077 1656 1128 testes
1675 1068 1808 1128 intelleti-

175 1170 285 1230 ssanctae
312 1169 403 1231 Luciae
427 1171 462 1226 ad
486 1167 653 1241 septasolis
677 1168 792 1227 diacono
817 1167 965 1233 cardinale,
1018 1177 1080 1219 ntus
1098 1161 1197 1217 iactam
1226 1159 1306 1218 ddem
1338 1160 1410 1232 quod
1436 1157 1639 1217 lemovicensis
1665 1160 1809 1234 episcopus

176 1277 257 1336 putent
281 1260 330 1320 tibi
345 1269 374 1316 ct
394 1258 595 1330 poenitentiario
617 1257 806 1317 Lemovicensi
829 1259 968 1315 concessi·
1018 1251 1229 1325 pluribus‘annis
1250 1259 1395 1327 antequam
1410 1261 1437 1310 tu
1454 1251 1488 1308 de
1502 1251 1647 1322 praebenda
1663 1251 1718 1324 iarn
1733 1253 1807 1313 diets

176 1369 237 1413 urus
250 1351 416 1418 auditorem,
427 1349 498 1423 quod
510 1366 571 1408 cum
585 1349 685 1410 dilecto
697 1349 753 1408 dlio
767 1358 861 1407 nostro
875 1349 967 1408 Gualae
1018 1345 1102 1409 lucris
1114 1345 1264 1410 investitus,
1277 1343 1392 1402 clericos
1406 1350 1434 1399 et
1448 1341 1597 1415 burgenses
1610 1341 1694 1398 castri
1706 1340 1808 1398 berno·

176 1443 284 1502 Sancte
308 1440 577 1501 carniolenses
601 1443 716 1500 diacono
737 1442 879 1507 cardinali,
902 1451 968 1498 tunc
1018 1437 1135 1494 vicensis
1149 1443 1178 1494 et
1196 1443 1223 1492 te
1238 1432 1501 1503 nominatimrluem
1514 1427 1809 1490 elilimlstiibi‘lilll·

176 1533 204 1590 in
222 1532 347 1606 partibus
366 1533 420 1589 illis
432 1532 588 1603 apostolica
604 1531 677 1589 sedis
691 1532 789 1603 legato.
805 1529 915 1604 qnidam
933 1533 968 1588 de
1018 1527 1152 1584 siliarium
1172 1534 1201 1583 et
1221 1525 1372 1595 lentorem,
1388 1523 1497 1582 uinculo
1517 1524 1810 1582 excommunicationis

175 1623 418 1684 Lemoviceosibus
428 1625 568 1683 canonicis
580 1625 776 1697 supplicassent
791 1632 819 1680 ut
833 1625 860 1680 in
872 1639 966 1682 eorum
1018 1621 1158 1684 astrinxit.
1185 1617 1237 1677 Per
1258 1627 1342 1678 tester
1361 1633 1428 1675 vero
1452 1625 1514 1675 tuos
1535 1617 1641 1676 exstitit
1664 1617 1810 1676 manifeste

174 1718 303 1786 ecclesia,
320 1732 382 1789 quae
404 1715 498 1776 debito
513 1716 691 1774 fraudabatur
713 1719 835 1786 servitio,
851 1717 968 1776 elericos
1018 1713 1160 1786 probatum
1183 1713 1272 1786 quod,
1287 1713 1340 1771 etsi
1355 1711 1444 1771 dictus
1462 1712 1605 1786 episcopus
1619 1711 1647 1768 in
1659 1710 1823 1796 burgensesx

175 1809 386 1881 ordinaret,pro
399 1817 426 1865 ιι
439 1823 472 1864 ae
485 1810 616 1880 magistro
627 1808 760 1866 Andreea
773 1809 907 1881 scriptore
917 1827 966 1868 no-
980 1787 1004 1848 Β
1017 1815 1045 1860 ιι
1066 1819 1161 1862 eorum
1188 1799 1310 1862 fautores
1330 1799 1624 1864 excommunicationis
1644 1800 1808 1857 sententiaro

175 1912 239 1957 stro
253 1915 351 1972 preces
363 1898 516 1972 specialiter
530 1901 710 1974 porrigentes,
723 1900 781 1972 ipse
790 1899 967 1959 Lemovices·
1017 1895 1119 1964 tulerit,
1133 1906 1160 1954 et
1173 1904 1201 1952 tu
1216 1895 1287 1973 apud
1304 1895 1397 1954 sedern
1409 1891 1587 1964 apostolicam
1607 1890 1714 1964 tutator
1727 1889 1811 1948 estti-

176 2007 240 2051 sern
254 1991 388 2048 civitatem
405 1975 554 2064 ingressus,
567 1994 713 2050 canonicos
724 1991 892 2064 interpositis
905 2008 967 2064 pre·
1018 1989 1086 2045 teris
1100 1990 1267 2056 eorumdem,
1284 1986 1357 2046 idea
1376 1993 1467 2044 lemen
1487 1983 1631 2056 episcopus
1647 1979 1810 2053 generaliter

175 2085 258 2143 cibus
272 2086 377 2144 monuit
394 2095 423 2142 nt
434 2101 483 2143 ros
501 2087 653 2158 reciperent
667 2088 694 2144 in
709 2089 799 2144 socios
814 2095 841 2143 et
863 2087 891 2142 in
910 2085 966 2145 ira·
1016 2081 1159 2139 universos
1171 2080 1318 2152 burgenses
1331 2086 1358 2134 ιι
1372 2092 1468 2137 eorum
1483 2075 1605 2132 lautores
1621 2082 1676 2134 tam
1694 2071 1812 2130 clericos

176 2175 384 2244 tres3nrasime
404 2193 466 2235 cnm
489 2178 610 2250 euinque
631 2178 781 2249 praebendae
793 2177 836 2234 vel
850 2188 967 2250 cuatuor
1015 2185 1105 2242 quam,
1124 2167 1209 2227 laicos
1228 2177 1292 2226 ante
1312 2177 1369 2224 tres
1391 2182 1479 2226 annos
1499 2163 1626 2234 absolvit,
1646 2163 1810 2237 nuribusdant

178 2269 214 2328 ab
224 2265 322 2324 ultima
334 2267 420 2338 ipsius
433 2267 556 2325 ecclesiae
565 2268 738 2326 ordinatione
746 2279 898 2326 vacassent.
915 2266 965 2337 Qui
1017 2263 1182 2334 presbyteris
1205 2276 1292 2334 usque
1315 2260 1351 2316 atl
1374 2271 1481 2320 certum
1499 2273 1608 2332 tempus
1630 2258 1745 2317 tetendi
1762 2257 1810 2328 111

176 2356 328 2414 naonirione
343 2359 538 2429 ipsiusdevote
555 2365 692 2432 suscepta,
710 2360 967 2418 deliberatoriasia·
1016 2363 1111 2410 conum
1135 2352 1272 2410 interdicti
1298 2351 1717 2436 seutentiam'praesumpserrnt
1738 2348 1809 2407 eele-

175 2447 273 2504 ducias
293 2450 446 2518 petieruni3
459 2457 519 2519 post
533 2464 602 2520 quas
616 2450 704 2522 primo
723 2458 752 2506 et
767 2447 889 2506 secundo
902 2465 967 2506 con·
1015 2443 1108 2511 brace,
1119 2441 1246 2514 quodque
1268 2442 1341 2498 idem
1365 2443 1511 2514 episcopiis
1532 2441 1581 2500 libi
1598 2439 1811 2500 communicavit

177 2551 280 2605 cessas,
291 2540 333 2596 cis
346 2557 399 2596 non
412 2541 570 2598 currentibus
584 2543 757 2615 respondere,
770 2543 803 2598 de
816 2541 967 2612 praebendis
1016 2546 1110 2610 postea
1124 2539 1150 2593 in
1166 2536 1279 2595 ecclesia
1295 2544 1324 2593 et
1338 2537 1366 2592 in
1381 2551 1486 2592 mensa.

176 2630 418 2688 lemovicensibus
433 2647 481 2689 vos
496 2633 635 2689 investivit
648 2631 796 2690 cardinalis
809 2633 965 2703 praedictus,
1052 2627 1101 2687 llis
1117 2628 1198 2700 igitur
1207 2637 1235 2685 et
1243 2627 1304 2686 aliis
1315 2643 1378 2700 que
1392 2627 1503 2686 luerunt
1515 2625 1581 2684 hinc
1593 2627 1657 2683 iude
1669 2625 1811 2698 proposita

176 2721 288 2777 stallum
304 2723 331 2777 in
345 2724 431 2779 cboro
445 2735 473 2780 ιι
492 2722 580 2780 locutu
599 2723 626 2782 in
645 2723 764 2795 capitulo
780 2725 857 2780 robis
873 2725 969 2796 preci·
1018 2719 1174 2787 intellectis,
1194 2721 1258 2792 qula
1279 2720 1359 2790 Juxta
1380 2717 1503 2776 mandati
1528 2717 1614 2776 ausui
1637 2725 1759 2778 tenorent
1782 2725 1813 2775 to

175 2811 255 2880 piens
269 2811 403 2882 assignari
416 2827 424 2869 ι
436 2813 507 2884 qnod
520 2815 698 2885 quorumdam
711 2813 874 2886 impediente
888 2813 967 2869 mali·
1016 2812 1185 2870 investiturae
1195 2819 1248 2868 tuae
1259 2820 1380 2887 tempore
1391 2825 1406 2866 a
1418 2809 1532 2882 praelato
1542 2809 1808 2869 excommunicatura

176 2901 215 2956 tia
229 2917 283 2958 non
306 2903 411 2960 exstitit
425 2905 593 2962 exsecutioni
614 2908 783 2964 mandatum.
806 2905 884 2963 linde
903 2921 967 2963 cunt
1017 2905 1145 2977 episcopo
1166 2903 1306 2962 exstitisse
1326 2903 1416 2961 dictus
1433 2901 1660 2976 poenitentiarius,
1675 2901 1747 2960 sicut
1759 2901 1811 2959 ob.

176 2993 308 3051 instantia
328 2995 471 3067 postulasti
490 3007 520 3053 ut
533 2997 605 3067 quod
622 3012 637 3054 a
653 2997 743 3068 legato
763 2997 865 3054 lactum
880 2997 969 3054 luerat
1019 2997 1131 3062 tulerat,
1146 3009 1199 3052 uon
1214 2996 1350 3067 probavit,
1366 3010 1428 3051 cum
1450 3009 1485 3050 cx
1508 2996 1624 3051 adverso
1643 2993 1677 3049 de
1696 2991 1809 3051 absolu·

176 3085 332 3144 laceremus
358 3087 517 3143 llrnaitatem
543 3088 664 3144 debitam
694 3089 829 3146 obtinere.
866 3087 1002 3186 lerumG
1019 3087 1094 3144 tione
1115 3101 1149 3142 sc
1173 3085 1363 3144 communione
1392 3085 1457 3142 dicti
1480 3085 1602 3157 episcopi
1630 3085 1714 3142 luerit
1737 3081 1810 3143 lictu

176 3177 398 3248 penitentiarius
410 3181 551 3252 proposuit
560 3195 593 3237 er
604 3182 719 3239 adverso
727 3182 812 3255 qnod,
820 3190 967 3255 antequam
1019 3181 1098 3249 biles,
1113 3178 1185 3253 quod
1198 3179 1359 3253 perdicium
1380 3177 1498 3249 legatum
1515 3179 1549 3235 de
1563 3188 1589 3237 te
1602 3176 1704 3241 tacrnn
1718 3186 1762 3241 ert
1775 3180 1809 3237 da

177 3266 285 3339 legatum
297 3270 459 3340 praebendas
471 3272 631 3329 contulisset
642 3271 763 3338 easdem,
775 3275 969 3331 lemovicense
1017 3271 1135 3329 fratrum
1155 3279 1308 3329 nostrorum
1322 3266 1435 3327 consilio
1449 3282 1498 3343 per
1510 3268 1685 3331 ‹lillinitivam
1698 3278 1809 3329 sentens

180 3360 328 3431 capitulum
340 3361 373 3418 alr
383 3362 442 3433 ejus
454 3364 611 3436 gravamine
621 3366 836 3437 appellantem
848 3368 968 3439 episcopi
1019 3362 1086 3421 tiarn
1114 3363 1243 3422 duximus
1271 3360 1488 3436 approbandum.
1516 3360 1588 3421 Nulli
1608 3377 1673 3435 erpo
1697 3362 1811 3420 omnino

178 3466 266 3521 quam
285 3453 430 3510 multorom
452 3456 645 3515 canonicorum
665 3458 901 3520 lemovicensium
921 3460 968 3533 qui
1018 3458 1159 3516 hominurn
1178 3458 1260 3516 liceat
1283 3458 1355 3515 bano
1376 3458 1502 3529 popinam
1520 3464 1621 3515 noslrte
1641 3453 1811 3515 diffinitionis

178 3550 264 3597 erant
275 3542 304 3599 iu
317 3544 432 3602 exercitu
448 3557 544 3604 contra
568 3548 710 3608 baeretioos
730 3552 883 3608 absentiam
903 3551 969 3607 alle-
1019 3548 1166 3622 intringere
1183 3550 1227 3607 vel
1242 3552 1267 3608 el
1283 3566 1351 3609 ausu
1375 3550 1522 3609 temerario
1534 3550 1683 3609 contraire.
1702 3548 1732 3609 st
1747 3551 1810 3622 quis

179 3634 285 3705 gendo.
299 3637 418 3693 desernit
431 3640 542 3711 insuper
554 3640 698 3699 lacultates
710 3642 839 3699 Ecclesiae
851 3643 969 3699 diminu-
1018 3652 1110 3701 autent
1130 3644 1182 3701 boc
1201 3651 1338 3701 attentare
1359 3644 1573 3717 presumpserit,
1592 3642 1808 3715 indignationem

180 3734 225 3780 tas
236 3734 266 3781 et
281 3739 329 3782 ror
347 3726 511 3785 sufficienter
521 3732 547 3786 in
561 3730 755 3789 aliisecclcsiis
768 3733 968 3805 praebendatos,
1017 3736 1214 3807 omnipotentis
1226 3735 1273 3793 bei
1287 3744 1316 3793 ιι
1329 3738 1470 3795 beatorum
1481 3728 1554 3793 Petri
1567 3742 1596 3793 ιι
1605 3722 1683 3793 Pauli
1698 3743 1808 3806 aposto·

177 3828 336 3885 proponens
355 3827 383 3873 ιι
396 3816 465 3873 lorte
478 3818 662 3877 Simortiacum
680 3828 708 3876 et
723 3820 859 3891 ingratum
871 3820 969 3876 Letum-
1019 3825 1107 3883 lor-nnn
1119 3828 1178 3899 eJus
1191 3843 1220 3885 se
1230 3827 1336 3886 nouerit
1348 3828 1530 3887 incursurum.

178 3907 285 3964 vicensi
299 3908 437 3977 Ecclesiae,
451 3926 484 3968 ac
495 3926 528 3967 eo
543 3922 664 3984 ternpore
679 3927 733 3985 quo
747 3913 839 3969 lucras
851 3912 885 3970 de
898 3929 968 3984 prae·
1056 3916 1152 3972 batum
1163 3915 1300 3985 Laterani,
1311 3932 1338 3973 rr
1347 3916 1462 3975 Kalend.
1473 3914 1809 3989 remittendorum

177 4003 270 4061 oenus
287 4004 487 4062 lemovicensis
500 4006 628 4063 Ecclesiae
645 4006 789 4064 investitus
812 4022 970 4064 erconrntu-
1019 4006 1106 4063 nostri
1120 4022 1192 4065 anno
1203 4008 1285 4065 lertio
1298 4008 1415 4066 decimo.

177 4093 302 4150 nicatnm
317 4094 354 4150 ab
365 4095 461 4153 eodem
475 4098 603 4169 episcopo
613 4099 762 4155 exstitisse.
1055 4097 1188 4171 Scriptum
1212 4109 1250 4157 ιιι
1271 4116 1350 4171 seper
1370 4102 1420 4157 lroe
1438 4118 1467 4157 ιιι
1484 4102 1604 4159 eumdem
1625 4100 1680 4172 scre
1702 4100 1810 4159 modum

217 4182 267 4239 llis
280 4192 372 4241 autem
385 4195 414 4241 ιι
429 4184 489 4241 ιΙίιι
500 4200 549 4258 per
560 4177 704 4247 cardinalis
718 4186 875 4244 relationem
892 4186 970 4243 nudi·
1018 4190 1118 4249 decurro
1126 4198 1151 4245 ιι
1161 4189 1308 4245 subdecano
1320 4187 1502 4247 Pictaoenensi
1512 4202 1537 4247 ιι
1547 4193 1672 4263 mopirtro
1685 4192 1809 4249 deterior

179 4273 228 4340 tis,
242 4288 303 4329 cunt
318 4274 541 4333 convenissemus
557 4278 728 4347 postmodum
742 4278 866 4335 eumdern
880 4281 969 4348 poeoi·
1019 4280 1053 4335 ιιι
1066 4278 1222 4349 &worado
1237 4280 1363 4339 canonico
1376 4276 1588 4353 Petrocoricensi
1600 4282 1686 4356 (151).
1705 4284 1809 4357 Propo·

179 4365 339 4420 tentiarium
360 4380 409 4437 per
432 4380 484 4422 nos
505 4366 587 4437 ipsos,
607 4380 657 4437 per
674 4368 863 4438 responsiones
884 4368 970 4440 ipsius
1019 4370 1075 4425 suit
1086 4369 1149 4429 olim
1163 4370 1278 4427 dilectus
1297 4370 1369 4429 lilius
1382 4372 1511 4444 magister
1527 4372 1625 4433 Petrus
1638 4374 1715 4433 lioiol
1729 4374 1811 4433 cleri·
1903 4440 1907 4451 ¹

180 4465 282 4513 raetcra
304 4473 365 4514 esse
387 4457 501 4525 frivola,
516 4467 616 4529 preter
636 4458 664 4515 ld
686 4459 759 4530 qnod
780 4458 816 4515 de
838 4460 970 4517 sententia
985 4468 1071 4527 neus
1095 4460 1258 4518 venerabilis
1281 4462 1375 4519 lratris
1401 4464 1486 4521 nostri
1515 4465 1635 4539 episcopi
1662 4464 1809 4523 Tusculani

179 4550 471 4607 excommnuicationis
482 4556 578 4606 contra
593 4557 619 4606 le
630 4558 818 4622 proposuerat,
833 4550 970 4608 intellexi·
1021 4566 1114 4608 coram
1129 4552 1228 4610 dilecto
1244 4552 1299 4610 llio
1319 4552 1428 4627 Pelagio
1450 4554 1558 4612 Sancte
1570 4552 1662 4613 bada
1678 4556 1712 4611 ad
1731 4566 1808 4627 scptu

180 4652 246 4693 ratus
258 4638 406 4695 evidenter.
422 4636 501 4696 Unde
513 4639 663 4696 venerabili
680 4638 758 4694 lratrl
773 4648 867 4695 nostro
881 4641 972 4696 arclri-
1021 4643 1086 4701 solis
1100 4643 1215 4703 diacono
1234 4646 1378 4715 cardinali,
1389 4662 1470 4719 quern
1489 4646 1540 4703 sibi
1562 4656 1590 4705 et
1607 4646 1810 4718 poenitentiario

179 4728 311 4801 episcopo
328 4736 355 4786 cl
366 4730 474 4788 dilectis
484 4730 547 4787 otiis
560 4730 689 4802 nvagistro
703 4728 739 4787 tl.
751 4731 883 4787 canonico
896 4730 972 4788 Bitu·
1021 4734 1220 4805 Lemovioensi,
1235 4749 1300 4805 etc..
1315 4739 1343 4793 in
1353 4740 1471 4794 eumdem
1481 4738 1537 4808 [ere
1547 4739 1653 4793 modum
1668 4746 1697 4795 ιιι
1707 4736 1811 4806 intrim.

180 4820 285 4877 riceosl
304 4830 331 4878 et
344 4820 377 4878 11.
393 4824 536 4880 cellarario
550 4822 644 4881 Sancti
658 4822 804 4881 Frontonis
817 4824 971 4895 Petregori-
1021 4844 1103 4900 aspre
1117 4829 1329 4900 approbandum.
1344 4828 1474 4897 Quocirca
1486 4828 1642 4887 discretioni
1652 4838 1749 4891 veslrae
1760 4846 1810 4903 por

178 4910 275 4968 οιιιιίι
289 4910 411 4969 dedimus
427 4914 455 4969 in
472 4912 610 4971 mandatis
627 4921 657 4972 ut
675 4914 729 4970 nisl
752 4915 971 4986 poenitentiarius
1021 4919 1168 4990 apostolica
1180 4918 1281 4991 scripta
1298 4918 1457 4976 mandamus
1469 4930 1603 4992 quatenus
1614 4922 1715 4994 quoda
1730 4924 1809 4981 nobis

178 5001 257 5060 inira
277 5018 396 5060 mensem
420 5014 482 5076 post
497 5006 737 5062 commonitionem
761 5020 855 5063 eorum
882 5015 909 5062 te
933 5006 972 5063 le·
1021 5018 1065 5067 est
1079 5012 1278 5069 sententialiter
1291 5010 1433 5071 dilliuitunr
1450 5013 1556 5075 laciniis
1571 5015 1751 5089 appellatione
1764 5031 1809 5073 re-

179 5094 314 5168 gitimea
336 5096 466 5168 sepefato
494 5096 622 5168 episcopo
652 5105 774 5169 tempore
804 5099 972 5155 investiturae
1021 5112 1095 5160 mota
1121 5102 1311 5161 inviolabiliter
1333 5106 1484 5177 observari,
1509 5108 1597 5165 eidem
1620 5110 1752 5181 mantano
1776 5110 1809 5173 t.

180 5196 239 5245 tuae
266 5188 531 5244 excommunicatum
556 5186 642 5246 luisse
664 5188 807 5260 probaret,
829 5188 902 5260 quod
922 5203 972 5261 per
1022 5194 1131 5252 stallum
1147 5194 1176 5251 ia
1191 5196 1277 5253 choro
1295 5204 1323 5254 et
1340 5196 1428 5257 locum
1445 5200 1473 5257 in
1491 5200 1609 5273 capitulo
1625 5202 1809 5276 assignantes,

172 5276 287 5333 'fficium
302 5278 418 5349 legatum
436 5280 471 5337 dl
482 5290 509 5337 te
519 5280 621 5339 stillim
634 5281 785 5347 exstiterat,
801 5279 908 5337 ⁸⁰b¹³¹⁰
922 5294 971 5351 ap-
1020 5286 1234 5346 contradictores
1247 5302 1294 5359 per
1304 5302 1446 5345 censuram
1453 5290 1807 5369 ecclesiasticameppelln

178 5368 338 5441 pollutionis
348 5370 498 5441 obstaculo,
508 5372 717 5439 contrmarenn
733 5372 755 5430 si
767 5387 832 5429 vero
843 5372 972 5445 probaret
1021 5376 1097 5433 tione
1115 5380 1280 5450 postposita,
1298 5382 1504 5451 corrupesoendo.
1521 5382 1632 5451 Quodsi
1646 5400 1700 5443 nou
1715 5401 1812 5447 ontnes

181 5462 489 5519 tcesconrmunicatom
513 5473 577 5521 tunc
597 5464 728 5534 temporis
748 5464 895 5532 exstitisse,
915 5477 971 5520 ttctt
1021 5468 1057 5528 ils
1080 5473 1260 5545 exsequendis
1284 5474 1426 5545 potueritis
1445 5478 1588 5549 interesse,
1610 5481 1665 5540 cluo
1688 5486 1810 5544 restruet

178 5558 379 5628 postponerent
396 5554 467 5625 quud
490 5552 525 5611 dc
551 5562 577 5612 te
599 5553 701 5613 lactura
721 5554 812 5615 luerat
830 5570 970 5619 revocare
1022 5577 1054 5627 ea
1068 5564 1241 5631 nibilominus
1254 5578 1444 5645 exsequantur.

221 5722 297 5799 (tit)
314 5724 381 5801 cap.
397 5725 549 5802 Proposrrt'b
560 5728 599 5791 lie
610 5730 676 5791 cist.
692 5746 800 5796 extitit.
