4109 6325
155 317 227 377 {02⁹

602 312 805 379 daelstnlill
825 317 869 373 DE
888 317 1039 377 utconlu
1055 319 1188 379 nonant
1207 322 1346 382 inludit.

1716 338 1788 395 toto

155 434 274 492 ornarit.
290 432 360 489 lloic
374 433 409 489 de
420 430 514 489 codem
528 442 630 499 ponere
642 434 774 490 antecessit
803 435 830 489 in
857 436 943 505 impe·
957 441 982 499 Α
994 437 1076 495 sistit.
1092 438 1161 494 Olim
1174 440 1246 495 enirn
1263 442 1457 510 patrimonium
1475 442 1603 500 Ecclesiae
1627 446 1679 503 sibl
1705 465 1785 507 usur-

155 530 225 581 rinm
241 526 410 590 Erirlericus3
422 526 468 597 qui
484 537 546 579 cnm
563 524 723 581 Tilmrtinos
737 535 800 581 tunc
828 527 944 583 rebelles

154 628 216 689 post
230 617 436 672 coronationem
450 629 527 671 suam
543 618 710 686 promisisset
735 616 768 671 ad
794 616 943 688 subjectio·

155 726 217 765 uem
238 708 367 764 Ecclesia
382 722 521 773 rovocare,
535 724 583 765 cos
592 711 643 765 sibi
657 708 829 778 postmodum
850 710 944 765 retudi-

155 786 238 867 cauit,
253 800 344 855 dicens
359 801 431 868 ottorl
446 802 581 857 civilatem
597 803 682 870 ipsam
698 801 777 857 veliet
792 802 819 855 iu
839 804 944 872 specia-

154 890 327 959 lemimpcrii
348 903 487 943 cameram
511 892 640 954 retinerc;
661 891 750 945 etsie
776 906 824 946 eoa
848 904 943 946 contra

155 977 304 1034 Ecclesiam
316 976 467 1031 Romanam
484 980 600 1032 armarit
612 979 678 1048 tib).
693 977 744 1044 Qui
771 980 853 1033 etiam
880 994 942 1033 curn

156 1073 233 1125 boue
246 1070 384 1125 momoriae
394 1068 546 1125 Alexander
555 1071 738 1139 prodecessor
751 1082 854 1133 noster.
878 1079 943 1125 cuno

156 1163 284 1219 Ecclesia
297 1163 425 1217 llomauae
437 1162 628 1226 caracellarins,
639 1164 672 1217 ad
687 1178 748 1217 curn
764 1178 779 1217 a
796 1163 881 1219 iclicis
902 1179 944 1218 re-

156 1254 323 1309 cordatiouis
333 1254 454 1307 Adriano
465 1267 543 1322 papa,
555 1255 600 1323 qui
615 1268 676 1306 eum
691 1264 880 1318 coronaverat,
896 1256 943 1309 tle-

157 1346 273 1399 siinatus
288 1342 394 1408 luisset,
407 1343 484 1397 lectis
500 1344 596 1398 litteris
609 1345 635 1399 in
647 1344 944 1414 urrilnrscomincbatut·

157 1439 227 1505 quod
242 1435 390 1505 imperator
404 1435 512 1489 deberet
527 1435 653 1506 Ecclesiae
679 1438 807 1491 Eotrranae
824 1436 949 1502 deterres

998 531 1250 598 parecontendens,
1268 533 1363 589 ducem
1391 532 1496 590 Tusciae
1523 546 1551 591 et
1577 535 1733 609 Campania
1755 560 1786 601 se

998 619 1146 688 scribebat,
1158 636 1282 679 asserens
1293 626 1366 695 quod
1380 628 1513 697 usquead
1530 638 1625 696 portas
1638 632 1713 689 urbis
1739 650 1786 690 ac-

998 719 1283 782 ceparotpotestatem
1307 725 1335 771 et
1358 717 1439 773 etiam
1467 718 1511 773 illa
1537 734 1600 789 pars
1628 708 1703 781 urbis
1726 742 1787 797 ιριιιι
1884 716 1886 719 ’

997 798 1196 857 Transtiberim
1210 804 1374 875 diciturejus
1386 819 1444 862 erut
1454 808 1634 878 jurisdictioni
1645 830 1785 872 concessa.

996 890 1074 947 Nune
1085 896 1166 951 etiarn
1184 914 1232 968 per
1247 898 1441 965 llarcnaldum,
1461 902 1655 971 liiupulrlnmet
1666 906 1787 965 lautores

997 999 1091 1041 eorum
1105 1004 1154 1045 uos
1169 998 1197 1043 et
1208 990 1356 1045 Ecclesiam
1367 992 1520 1047 llornaunm
1546 998 1730 1067 persequitur,
1756 1010 1785 1056 et

998 1091 1110 1146 regntrm
1125 1079 1224 1135 Sicilia
1238 1081 1314 1135 nobis
1325 1081 1434 1137 artlcrre
1451 1094 1575 1140 conatur.
1607 1088 1635 1141 Si
1667 1104 1732 1159 ergo
1758 1090 1785 1145 id

997 1168 1064 1223 lacit
1078 1170 1104 1224 ln
1119 1170 1207 1237 arido,
1222 1173 1249 1227 in
1264 1172 1344 1229 viridi
1368 1176 1432 1244 qttid
1447 1176 1567 1232 laceret?
1592 1180 1625 1235 Et
1651 1182 1673 1235 si
1696 1182 1798 1237 adbuc·

997 1261 1091 1315 aridus
1108 1272 1136 1316 et
1151 1264 1308 1333 exsanguis,
1325 1272 1417 1335 utpote
1427 1268 1505 1333 cuius
1521 1268 1610 1325 adlrnc
1626 1279 1668 1326 est
1691 1274 1788 1329 messis

997 1350 1025 1405 iu
1043 1352 1139 1417 uerba,
1155 1368 1205 1427 nos
1219 1362 1247 1409 et
1259 1352 1409 1410 Ecclesiam
1426 1354 1577 1412 Romanam
1602 1363 1786 1431 persequitur.

999 1442 1062 1510 tpuid
1077 1441 1180 1499 laceret
1197 1445 1232 1513 sl,
1260 1448 1332 1514 quod
1356 1446 1450 1502 absit!
1469 1449 1613 1519 imperium
1635 1452 1789 1509 obtineret?

157 1543 218 1581 cum
235 1542 264 1580 re
283 1528 341 1595 ipsa
354 1529 379 1579 ci
391 1540 498 1581 corona
509 1527 667 1582 bertellclunr
697 1527 856 1582 contulisset
875 1528 943 1584 dici·
999 1532 1076 1589 Unde
1087 1536 1194 1590 videtur
1205 1550 1258 1593 non
1272 1538 1498 1595 irrationabiliter
1510 1543 1641 1613 expedire
1664 1554 1694 1599 nt
1711 1535 1789 1616 prius

159 1630 202 1673 tur
216 1634 277 1673 cum
288 1618 381 1673 lurore
392 1627 419 1671 ct
432 1617 570 1671 iracundia
587 1618 758 1685 respondisse
773 1636 781 1671 a
796 1618 858 1673 ll'isi
876 1635 945 1673 eue-
999 1638 1048 1678 nos
1063 1624 1121 1694 ejus
1134 1624 1267 1681 violentiae
1282 1642 1451 1697 opponamus
1475 1644 1556 1699 qnam
1572 1632 1688 1702 amplius
1713 1636 1788 1689 int-a·

157 1726 215 1765 mas
230 1712 257 1765 ia
271 1708 400 1771 Ecclesia.
413 1708 472 1777 jum
487 1709 584 1763 scirem
608 1708 722 1778 qualiter
739 1708 946 1765 1Τιιιιιιιιιιιιιιιι
999 1713 1093 1769 lescat.
1108 1714 1292 1787 Quodauteru
1307 1718 1389 1773 ctiam
1406 1720 1433 1774 iu
1447 1720 1557 1790 regilius
1570 1720 1618 1777 lllii
1630 1739 1680 1793 pro
1702 1726 1790 1794 patri·

158 1817 231 1855 cases
245 1800 373 1854 incidam.
388 1798 422 1853 Et
434 1798 558 1869 protinus
569 1812 643 1864 eursu,
661 1798 760 1855 iniecto
772 1801 880 1870 negotio
899 1816 948 1870 pro
964 1795 986 1851 b
1000 1803 1050 1859 ltus
1065 1804 1121 1859 siut
1132 1805 1219 1873 puniti
1240 1806 1332 1861 (lirina
1359 1810 1458 1879 pagina
1485 1820 1663 1880 protestatur.
1693 1814 1788 1871 Nonne

158 1889 612 1961 quoirerat,terramsuamjnssit
641 1889 733 1955 cxiro;
762 1901 791 1946 et
818 1894 945 1948 errntdcm
997 1904 1109 1965 propter
1121 1906 1264 1965 peecatum
1280 1900 1370 1956 Saulis
1383 1902 1487 1957 dictum
1512 1906 1715 1962 estaDomino
1739 1922 1789 1977 per

157 1985 304 2041 Adriannm
320 1982 490 2049 moliebatur,
502 1982 549 2037 sed
564 1980 676 2044 lrttstra,
692 1996 754 2038 eum
782 1985 946 2054 urribusdam
998 1983 1152 2041 Samuelem
1170 1986 1278 2043 :Stulte
1291 1991 1377 2060 colati,
1390 2009 1437 2046 uec
1451 1994 1588 2049 custodisti
1600 1998 1784 2053 ruorrdotoDo-

158 2081 302 2147 deponere,
315 2090 454 2145 opponens
464 2077 490 2131 ei
501 2079 573 2147 quod
583 2087 655 2133 esset
667 2077 739 2132 illius
750 2076 910 2133 sacerdotis.
966 2152 973 2173 ι
998 2076 1063 2131 urrini
1077 2078 1123 2131 Dei
1136 2082 1173 2133 tui
1186 2096 1245 2151 ouo
1255 2086 1378 2152 prorepit
1392 2086 1449 2143 tili.
1474 2086 1550 2152 Quod
1569 2088 1592 2142 si
1613 2105 1665 2143 nou
1681 2091 1786 2160 coisses,

191 2171 252 2237 lpse
264 2168 334 2223 idern
348 2170 517 2239 postumium
526 2171 752 2226 contraeumdem
762 2169 946 2225 Alexandrum
993 2167 1053 2237 jam
1067 2184 1136 2223 uano
1147 2184 1321 2241 proponerem
1333 2174 1461 2231 Doudoua
1483 2196 1589 2249 requam
1613 2190 1686 2233 tarum
1711 2198 1789 2252 saper

88 2300 91 2305 .
158 2261 238 2331 longo
258 2274 380 2331 tempore
390 2261 508 2317 schisma
521 2261 600 2329 ionii,
615 2274 641 2319 et
665 2276 841 2333 ortoscunoue
860 2261 948 2331 poturit
998 2258 1083 2314 larnai
1094 2261 1121 2315 iu
1132 2265 1317 2333 sempiternum
1325 2283 1335 2331 ,·
1351 2268 1396 2321 scd
1410 2284 1574 2341 neonupaom
1590 2288 1699 2343 ceptrum
1713 2284 1787 2327 turtur

157 2362 325 2409 corrtmeum
337 2354 789 2424 conjurarecoessit.injuramento
807 2366 947 2423 opponens
998 2349 1216 2424 ultrooonsorpct
1234 2355 1261 2427 (l
1274 2357 1339 2429 liep.
1355 2361 1427 2431 xtra).
1441 2362 1579 2418 salomoni
1594 2378 1702 2433 quorpte
1723 2365 1789 2435 largi.

158 2446 230 2518 cuod
243 2446 320 2501 nullo
336 2454 460 2515 tempore
470 2445 658 2514 poerritemism
670 2446 825 2513 reciperent
841 2447 875 2500 de
895 2445 946 2499 lru·
999 2454 1044 2497 tur
1058 2458 1073 2498 a
1089 2444 1202 2498 Domino
1216 2460 1277 2502 esso
1291 2448 1396 2504 dictum
1413 2469 1420 2505 ι
1437 2450 1506 2517 Quia
1518 2470 1570 2506 uon
1591 2456 1729 2509 custodisti
1743 2472 1789 2525 po·

158 2537 275 2609 jusmodi
286 2535 456 2605 juramento;
474 2545 503 2591 et
516 2537 574 2606 ipse
586 2537 658 2591 idem
675 2538 726 2593 snb
741 2536 836 2591 cadem
860 2535 946 2590 lorma
998 2540 1069 2587 ctum
1083 2548 1167 2587 meum
1186 2547 1208 2588 ct
1224 2550 1355 2607 praeopto
1370 2556 1428 2594 ntea
1442 2558 1500 2611 prro
1524 2544 1647 2597 ntuudooi
1674 2546 1732 2611 tibi,
1748 2548 1790 2599 di-

156 2630 268 2699 jurarit.
284 2627 344 2699 lpse
362 2641 556 2697 qtroqtre‚cum
567 2625 689 2683 Veneriis
703 2610 803 2682 terram
831 2624 947 2681 cavalca
998 2637 1122 2692 mttrpens
1137 2624 1255 2679 soitrdour
1270 2642 1377 2697 requam
1390 2639 1476 2697 turum,
1499 2642 1523 2685 et
1536 2634 1603 2687 dabo
1622 2634 1689 2689 iilud
1715 2644 1787 2691 seruo

160 2717 277 2782 conticis,
295 2732 377 2787 urtam
388 2726 579 2785 occupaverat,
595 2727 623 2772 et
646 2716 700 2771 alia
712 2718 834 2785 ocresiam
855 2714 948 2770 Ecclc·
998 2724 1060 2780 tao,·
1078 2726 1254 2771 cerumtamen
1266 2718 1293 2771 in
1306 2720 1397 2773 diebus
1411 2721 1463 2774 tais
1484 2738 1537 2775 nora
1562 2724 1659 2792 faciam
1682 2738 1790 2797 propter

160 2810 207 2865 siae
232 2808 362 2865 llomanae
388 2808 530 2865 restituere
550 2823 599 2877 per
613 2807 769 2875 juramenta
795 2807 947 2877 principum
998 2804 1084 2859 Dauid
1095 2816 1196 2875 putrem
1208 2812 1293 2872 tantur,
1305 2808 1429 2865 alermum
1446 2810 1497 2881 prii
1518 2814 1557 2867 tui
1575 2816 1694 2870 scindunt
1722 2818 1788 2871 iilud

159 2903 340 2973 promisisset,
356 2902 440 2972 ipsam
454 2902 627 2969 msttnoduru
645 2901 745 2956 lortius
757 2901 948 2970 occupavisse
1000 2894 1058 2965 (tlt
1076 2894 1140 2966 lieo.
1157 2898 1206 2967 xi).
1222 2897 1259 2952 De
1272 2898 1418 2957 leroboant
1431 2903 1558 2959 siruiliter
1584 2908 1685 2961 dictum
1709 2908 1759 2963 luit
1773 2927 1805 2962 a·

160 2994 237 3048 bonae
247 2993 385 3048 nterooriae
397 2993 479 3047 Lucio
490 2992 684 3061 praedecessori
701 2998 795 3047 nostro
808 2990 948 3046 accedenti
999 2986 1114 3042 Domino
1132 3003 1179 3057 per
1190 2990 1304 3044 llclrianr
1318 3009 1325 3044 ε
1340 2990 1407 3045 Erre
1421 3010 1467 3063 eoo
1479 2996 1603 3051 inducam
1618 3001 1689 3053 arola
1710 3016 1790 3069 saper

162 3085 187 3139 in
203 3085 395 3139 Lornbardiam
407 3084 476 3139 satis
490 3082 679 3139 iraudulenter
691 3083 784 3146 illusit.
811 3083 899 3153 ipsum
920 3091 948 3137 et
998 3077 1106 3133 domum
1120 3078 1270 3147 lerobouru,
1285 3092 1308 3134 et
1318 3084 1464 3151 percutiam
1474 3086 1507 3139 de
1519 3086 1789 3161 deroooomniuoru-

161 3178 444 3247 flppoesspmppipsius
459 3178 531 3246 apud
560 3176 694 3232 Veronam
722 3176 799 3246 quasi
822 3177 949 3232 obsessos
1000 3176 1051 3220 iclll
1066 3169 1100 3221 ud
1110 3171 1238 3238 periclem
1254 3169 1313 3241 (ΙΙΙ
1333 3171 1396 3243 siey.
1416 3181 1482 3245 xiv).
1507 3175 1541 3230 ΕΙ
1565 3178 1666 3233 ibidem
1693 3180 1790 3252 legitur·

161 3281 266 3326 tenens.
279 3269 412 3324 llerrricns
427 3279 518 3325 autern
534 3269 606 3322 iilius
619 3276 647 3324 et
662 3282 807 3323 successor
820 3268 906 3335 ipsius
919 3266 947 3320 iu
999 3258 1071 3328 quod
1085 3259 1224 3315 interiecit
1240 3261 1327 3317 Duasa
1343 3263 1438 3318 Nadab
1466 3265 1550 3320 lullum
1579 3266 1734 3336 teroooan,
1762 3282 1790 3326 et

162 3359 289 3414 Ecclesia
303 3361 517 3428 persecutionem
527 3359 785 3414 suaedomiuationis
796 3357 950 3414 exsecravit
1000 3355 1134 3422 por-cussit
1148 3369 1256 3411 onmem
1268 3358 1376 3412 domum
1387 3356 1543 3424 let-oboaut,
1560 3375 1611 3414 non
1624 3361 1726 3417 dimisit
1739 3379 1788 3418 neo

161 3451 379 3522 primitiaa‚cum
396 3451 466 3504 beati
498 3449 570 3503 Petri
599 3450 793 3519 patrimonium
817 3448 950 3504 uiolenter
1000 3447 1202 3519 utramquidetu
1218 3449 1586 3520 anirnarndosemincojus,
1606 3453 1692 3509 donec
1717 3454 1790 3511 dele-

163 3544 310 3610 ingressus,
330 3541 396 3596 iliud
412 3541 599 3612 multipliciter
624 3543 776 3596 devastavit
801 3542 847 3611 qui
866 3541 950 3596 etiam
999 3549 1042 3595 ret
1058 3534 1119 3594 eam
1135 3551 1247 3610 propter
1261 3549 1371 3610 peccata
1387 3539 1531 3596 leroboam
1546 3557 1606 3612 ortae
1618 3557 1789 3612 peccaverat,

161 3636 291 3706 orrosdam
309 3634 459 3689 lamiliares
472 3635 586 3688 lratrnm
616 3644 771 3689 nostrornm
799 3647 865 3688 naso
886 3632 951 3687 leoli
999 3632 1136 3701 munibus
1153 3645 1267 3700 peccare
1280 3632 1383 3687 lecerat
1397 3624 1490 3698 lsrael,
1507 3645 1650 3706 etproptcr
1662 3637 1789 3693 delictum

161 3727 190 3782 ia
210 3727 337 3797 iujuriam
350 3725 480 3782 Ecclesiae
492 3725 613 3780 mutilari
636 3724 704 3795 tili).
729 3725 788 3793 lpse
814 3725 950 3781 occisores
1000 3739 1055 3793 qrro
1068 3725 1225 3779 trrtmrerat
1240 3725 1383 3780 Dominum
1411 3727 1496 3781 Deum
1519 3726 1612 3782 lsrael.
1640 3731 1677 3785 De
1703 3729 1788 3785 ansa

160 3821 240 3875 bona
256 3820 392 3874 memorias
404 3817 506 3874 Alberti
534 3818 692 3873 Leodicnsis
712 3816 843 3886 episcopt,
869 3832 950 3886 quem
1000 3831 1109 3885 ‹pnoque
1119 3815 1250 3870 scribitur
1261 3816 1361 3870 dixisse
1379 3815 1530 3870 Dominus:
1554 3817 1623 3883 Quia
1646 3820 1790 3875 ambulasti

162 3913 220 3981 ipse
230 3908 583 3988 coegeratexsularepost
596 3907 812 3965 interiectionem
827 3908 911 3976 ipsius
922 3907 949 3961 in
1000 3914 1028 3967 iu
1043 3911 1249 3976 vindemiasse
1264 3921 1288 3966 et
1313 3927 1421 3982 peceare
1442 3913 1527 3981 [eristi
1555 3914 1680 3984 populum
1705 3931 1791 3971 aream

163 4000 247 4056 rrrulta
257 4001 444 4056 larniliaritatc
456 4003 569 4070 recepit,
600 4010 627 4055 et
649 3999 756 4071 publico
778 3997 951 4069 participarit
1000 4001 1097 4067 lsrael,
1114 4018 1173 4056 ecce
1188 4017 1234 4072 epo
1248 4004 1377 4056 demetam
1390 4004 1536 4074 posteriora
1549 4001 1639 4058 Drauso
1654 4015 1678 4058 et
1704 4017 1791 4075 postr-

162 4095 277 4162 eisdcm,
293 4103 321 4148 ct
335 4093 467 4149 benelicia
481 4093 653 4162 postmodum
675 4090 777 4160 majora
805 4088 950 4146 concessit.
1001 4094 1181 4147 riorodomus
1196 4093 1254 4162 ojus
1271 4091 1329 4163 (lli
1351 4091 1414 4162 llep.
1434 4093 1503 4160 ιιι).
1525 4095 1618 4148 notun
1643 4097 1725 4149 ctiam
1752 4097 1793 4152 di·

162 4185 223 4254 lpse
237 4182 418 4239 uenerabilem
430 4183 542 4247 iratrem
556 4193 680 4236 nostrum
692 4180 874 4236 duxituanum
893 4179 952 4249 cpi·
1001 4196 1075 4241 ctum
1090 4185 1227 4240 invenitur
1242 4199 1256 4237 a
1274 4185 1387 4239 Domino
1397 4199 1446 4254 por
1462 4185 1546 4239 Elium
1559 4204 1565 4240 r
1579 4186 1701 4256 Eecoepo
1716 4189 1794 4244 iudo-

163 4289 288 4345 scopum,
303 4274 365 4344 quia
377 4275 568 4330 consessusest
580 4289 671 4330 coram
684 4289 718 4328 eo
728 4273 800 4343 quod
810 4273 951 4342 episcopa·
1001 4293 1060 4331 com
1072 4286 1187 4346 superte
1198 4275 1308 4343 molum,
1322 4286 1345 4330 ct
1359 4276 1489 4332 demetam
1513 4279 1659 4347 posteriora
1688 4289 1743 4345 tuo,
1767 4291 1792 4335 et

164 4375 220 4421 tum
231 4367 379 4437 persedem
395 4366 569 4434 apostolicam
582 4367 726 4429 obtineret,
744 4364 831 4432 :dapis
845 4365 872 4417 iu
883 4377 952 4432 prae·
1001 4369 1158 4437 interficiam
1178 4369 1211 4422 de
1229 4369 1318 4422 dclrob
1347 4369 1503 4438 miupcntem
1525 4372 1559 4424 ud
1582 4373 1708 4441 parietem
1732 4371 1792 4442 (ill

164 4463 250 4516 sentia
266 4475 315 4516 sua
329 4461 395 4515 caedi
409 4459 485 4523 lecit,
499 4469 525 4514 ct
536 4461 570 4514 de
582 4461 664 4515 barba
675 4460 736 4527 ojus
746 4461 809 4529 pilis
837 4459 948 4523 urstisio,
966 4457 1071 4529 nllep.
1089 4459 1156 4530 ιιι).
1170 4457 1238 4513 Nam
1252 4467 1278 4513 et
1299 4447 1430 4514 Dominus
1453 4459 1537 4515 dicit:
1557 4459 1615 4530 Epo
1645 4479 1703 4516 sum
1722 4463 1794 4518 Deos

164 4551 407 4620 ipsttminboneste
420 4551 532 4604 tractari
555 4549 622 4619 (2⁰).
648 4548 790 4604 Contrarias
812 4547 902 4603 llusca
924 4550 952 4604 ln
1003 4551 1259 4618 uioles‚ar'trdicour
1273 4563 1378 4621 peccota
1390 4560 1494 4620 potrum
1517 4554 1545 4606 iu
1566 4554 1637 4621 filios
1660 4569 1742 4624 arsque
1764 4553 1795 4609 iu

163 4641 278 4696 marebro
300 4637 481 4694 uenerabilem
511 4638 625 4693 iratrcm
649 4645 772 4693 nostruin
799 4636 952 4693 Ostiensem
1003 4643 1145 4697 tertianam
1159 4642 1594 4712 qrrortampropeuiemiultispai
1615 4643 1725 4696 oderam
1754 4623 1795 4698 ore

163 4733 320 4802 episcopum
331 4730 415 4798 cepit,
431 4739 458 4783 ct
476 4731 504 4783 in
522 4729 638 4784 vinculis
653 4730 752 4798 posuit,
768 4737 794 4784 et
809 4729 954 4784 inltoneste
1004 4735 1149 4806 (Denta),
1169 4735 1194 4789 id
1216 4745 1257 4790 est
1286 4735 1311 4788 in
1339 4734 1381 4788 iris
1407 4736 1452 4802 qrri
1481 4733 1554 4788 circo
1582 4747 1625 4787 me
1652 4743 1794 4803 paternum

166 4823 293 4877 metavit
306 4821 340 4874 tle
353 4821 480 4874 tutandam
498 4819 595 4889 ipsius,
614 4819 690 4875 sicul
711 4822 782 4874 idem
808 4819 952 4876 Cottradus
1003 4827 1095 4881 odium
1107 4827 1257 4880 irnitautur.
1272 4825 1311 4881 De
1328 4825 1427 4881 Ottonc
1438 4825 1545 4880 unietur
1560 4829 1631 4893 qtrorl
1648 4839 1701 4880 non
1714 4825 1796 4880 liccat

165 4910 273 4979 publice
287 4910 446 4974 ¹0⁸¹³D³1⁰ls
459 4919 486 4964 θῑ
498 4909 569 4964 ⁸501st
585 4909 682 4964 ”liliis
696 4907 861 4977 illiluiiffl
880 4917 954 4979 post-
1004 4920 1054 4987 ipsi
1066 4918 1169 4985 fauere,
1180 4919 1308 4990 quioniam
1324 4934 1338 4971 a
1351 4917 1525 4988 paucioribus
1538 4915 1707 4994 catalectum
1723 4919 1795 4986 qarod

165 5003 249 5066 facio,
261 5017 323 5057 curu
335 5018 387 5057 uon
403 5002 490 5057 solum
502 5018 555 5056 nou
576 5001 662 5056 luerit
678 5002 795 5056 exitatus
808 5009 855 5054 aut
871 4999 953 5068 parui·
1004 5027 1057 5066 110„
1072 5012 1178 5075 deceat,
1194 5025 1228 5064 ne
1240 5010 1391 5075 citissimo,
1408 5023 1460 5064 non
1478 5009 1513 5064 ob
1527 5007 1643 5080 gratiam
1660 5009 1730 5079 ejus,
1748 5011 1794 5064 sori

165 5103 211 5150 tus
225 5093 259 5148 ab
270 5095 341 5164 ipso,
356 5093 403 5148 sod
416 5094 604 5150 lrouoribuset
614 5081 833 5163 possessionibus
856 5092 953 5146 illlata·

166 5192 221 5240 ius.
231 5183 290 5252 lpse
300 5184 469 5253 postmodum
479 5184 578 5238 Siciliae
588 5199 700 5254 regulum
710 5185 834 5251 adeptos,
846 5182 953 5251 publice

164 5275 278 5348 proponi
292 5275 356 5330 iecit
372 5276 488 5332 edictum
503 5286 532 5328 ut
546 5275 635 5330 utullus
652 5275 693 5330 tei
704 5275 822 5330 clericus
836 5274 878 5327 tel
904 5273 954 5326 lal-

166 5382 215 5422 cns
229 5367 263 5421 ad
278 5365 425 5422 Ecclesiam
441 5367 588 5422 Rotrranarn
603 5367 757 5433 accederet,
774 5382 824 5421 nec
840 5365 874 5419 ad
890 5379 952 5419 eam

166 5458 262 5528 aliquis
276 5458 434 5528 appellaret.
445 5457 584 5528 Philippus
596 5467 687 5512 autem
700 5459 798 5528 dequo
815 5457 907 5530 agitur
918 5456 951 5510 ab

165 5551 294 5608 &alesia
306 5552 495 5622 persecutione
508 5552 629 5621 incoepit,
645 5561 673 5606 ct
687 5552 776 5608 adbuc
801 5553 827 5607 iu
842 5567 875 5607 ea
891 5563 953 5618 per-

203 5665 258 5735 (l8)
276 5666 341 5721 tarto
358 5663 484 5718 Ratiaria.
499 5663 546 5720 lib.
563 5683 582 5728 ι,
596 5680 656 5734 cap.
670 5666 698 5733 8,
711 5667 737 5730 9,
752 5666 797 5722 ΙΙ).

197 5735 257 5809 (ti)
279 5736 506 5790 lidemonium
520 5738 553 5790 ad
565 5754 609 5790 arr.
623 5737 701 5792 tias.

1004 5101 1229 5168 alteriusodium,
1244 5101 1295 5169 ipsi
1312 5101 1432 5156 fauorem
1444 5101 1622 5170 apostolicum
1646 5099 1794 5166 cxltiberc;

1004 5195 1077 5266 quod
1089 5209 1141 5248 rron
1153 5194 1289 5262 expediat,
1306 5181 1375 5261 quiu'
1395 5199 1517 5262 respectu
1545 5192 1660 5248 alterius
1682 5191 1793 5270 ridetur

1004 5302 1068 5358 pars
1078 5286 1137 5355 ejus
1148 5286 1244 5342 debilis
1255 5296 1282 5342 et
1296 5287 1414 5344 infirma.

1041 5379 1152 5448 Verrun,
1168 5393 1229 5433 cum
1243 5387 1281 5433 tot
1294 5379 1335 5433 uel
1348 5380 1439 5448 plures
1450 5395 1483 5434 ex
1495 5377 1538 5434 ins
1561 5379 1594 5434 ad
1612 5393 1681 5449 qnos
1695 5380 1792 5449 princi-

1004 5469 1103 5541 paliter
1117 5479 1223 5540 spectat
1235 5471 1408 5541 imperatoris
1419 5471 1518 5528 electio
1531 5473 1557 5526 in
1568 5486 1630 5527 enm
1639 5471 1795 5528 consensis·

1005 5577 1035 5617 so
1045 5571 1192 5628 noscantur
1203 5573 1269 5633 putot
1280 5562 1648 5646 lnalterumconseuserunt,
1666 5579 1727 5619 cum
1741 5577 1794 5618 oon

1039 5675 1097 5746 (⁶20)
1115 5673 1181 5731 vitto
1193 5673 1274 5731 Gesta
1285 5675 1378 5733 innoc.
1392 5675 1434 5744 ΙΙΙ,
1446 5691 1504 5768 cop.
1519 5677 1546 5732 ⁹.
