4109 6325
147 343 218 400 tttd
588 331 791 392 nuclstttbtt
811 329 855 387 be
874 327 1026 387 decerto
1043 325 1175 386 [iubent
1194 328 1333 386 turduli.
1707 337 1775 394 1151

145 456 221 525 cipes
242 448 396 506 erlrorteris
419 448 453 502 ad
484 455 605 502 nostrum
628 443 826 514 beneplacitum
855 458 935 501 ense·
951 445 974 503 A
988 439 1136 498 Ecclesiam
1152 441 1304 499 adbaercres
1318 443 1415 508 eidem,
1432 460 1463 501 ac
1477 446 1569 502 dereris
1589 446 1672 504 millis
1696 465 1772 508 mar.

145 540 294 610 querrdum,
310 545 392 608 prout
406 535 503 590 melius
515 535 564 590 tibi
580 534 662 590 luerit
683 537 800 603 desuper
822 533 939 605 inspira·
988 546 1109 587 caruma
1125 540 1152 587 te
1169 540 1263 589 mutuo
1278 533 1440 605 postulabat.
1467 537 1499 592 Et
1520 539 1584 607 qnia
1608 550 1704 596 eosq„
1726 559 1776 600 „03

147 642 214 686 tum.
237 628 277 683 'lu
300 641 374 697 ergo,
391 624 566 680 dilectissime
579 623 626 689 illi,
643 624 676 678 de
688 620 765 689 cujus
783 622 937 678 obedientia
987 631 1015 675 et
1028 619 1177 675 Romanam
1193 621 1341 678 Ecclesiam
1363 623 1397 680 cd
1418 626 1571 696 exemplum
1595 632 1780 698 praedecesso.

145 723 226 793 piene
250 719 429 781 conlidimus,
455 716 611 770 mandatum
636 714 814 784 apostolicum
846 715 937 770 taliter
987 727 1046 766 rum
1064 726 1092 767 et
1107 712 1307 784 progenitorum
1331 721 1456 779 tuorum,
1472 716 1517 787 qui
1533 715 1628 774 flrleies
1643 731 1672 775 er
1687 720 1778 780 devoti

144 811 304 882 exsequaris
326 809 398 879 quod
413 818 466 862 tuae
482 806 655 861 discretionis
670 803 813 875 prudentia
833 805 936 860 clareat
985 817 1095 876 semper
1108 803 1218 862 luerunt
1234 805 1371 872 Ecclesia,
1386 824 1437 864 uec
1452 825 1570 880 unquam
1588 826 1637 884 pro
1660 817 1779 885 impera·

145 904 174 960 in
188 903 296 967 effectu,
308 911 337 956 et
347 913 397 956 nos
410 898 579 953 devotionem
594 905 667 951 tuam
678 896 826 953 deocarum
838 897 935 952 merito
986 903 1046 951 tore
1062 896 1104 950 uel
1125 896 1219 967 aliquo
1233 897 1286 953 alio
1301 899 1471 965 deiecerunt,
1493 902 1531 958 illl
1549 905 1690 963 adhaerere
1704 909 1778 964 nole·

146 996 345 1053 commendare·
984 984 1044 1052 bes,
1060 985 1211 1054 hujusmodi
1231 989 1395 1060 colloquium
1417 993 1533 1048 habuisti
1552 1010 1602 1065 pro
1625 997 1710 1063 nullo,
1725 1015 1776 1058 nee

181 1090 277 1146 Datum
292 1085 377 1150 Siliae.
393 1093 458 1148 01⁰„
475 1092 502 1137 11
516 1097 605 1146 tarro.
985 1091 1039 1131 nou
1054 1078 1134 1132 etiam
1154 1079 1217 1148 qula
1236 1088 1262 1135 te
1277 1096 1330 1137 non
1346 1081 1483 1139 sustinere
1506 1087 1618 1154 putabat
1633 1091 1704 1157 quod
1718 1090 1778 1162 ipse

487 1209 591 1267 cm·
985 1182 1036 1238 per
1067 1169 1194 1237 injuriam
1222 1172 1348 1226 comitem
1377 1173 1565 1232 exhaeredaret
1600 1179 1775 1238 barrensem.

986 1259 1058 1314 Sane
1070 1259 1143 1330 quod
1162 1263 1195 1314 de
1215 1270 1321 1316 tuorum
1338 1266 1541 1334 progenitorum
1555 1269 1681 1338 religiosa
1695 1275 1777 1328 dero·

276 1343 399 1385 ruituro
415 1341 538 1383 ttlvssffl
557 1337 619 1380 ¹2⁰¹
637 1338 805 1380 'Wlfflin'-
985 1351 1059 1406 tione
1084 1363 1219 1416 recenses,
1233 1349 1408 1408 delectabiles
1429 1353 1506 1410 uobis
1521 1358 1592 1426 parit
1606 1358 1718 1416 delicies
1731 1377 1778 1416 au·

185 1445 241 1501 Per
256 1453 316 1499 tuas
328 1443 406 1498 nobis
418 1441 521 1496 litteras
531 1439 661 1494 intimasti
677 1441 748 1509 quod
758 1437 934 1508 chbilrppo,
985 1441 1087 1497 dieudi.
1101 1439 1230 1497 Fatemur
1241 1442 1366 1511 equidem
1375 1444 1456 1512 quod,
1472 1446 1545 1501 inter
1555 1456 1669 1504 caeteros
1682 1455 1775 1508 mundi

146 1537 282 1606 quondam
297 1532 587 1602 saresberiensem
602 1540 630 1585 tu
644 1544 734 1603 regem
749 1529 934 1586 Romanorum
986 1533 1134 1604 principes,
1146 1544 1333 1589 antecessores
1344 1543 1370 1589 et
1383 1537 1568 1606 progenitores
1578 1538 1615 1592 tui
1627 1539 1778 1596 llonransm

146 1627 274 1699 appellas,
288 1625 419 1696 conqueri
431 1623 529 1679 merito
543 1632 650 1692 poteras
660 1632 689 1677 et
702 1622 828 1677 debebas.
843 1621 934 1677 Primo
984 1625 1222 1691 Ecclesiam,sicut
1236 1637 1263 1682 ct
1273 1627 1324 1696 ipsi
1337 1627 1371 1680 ab
1383 1641 1414 1682 ea
1426 1628 1583 1698 specialiter
1596 1641 1661 1686 srrnt
1673 1631 1776 1700 dilecti,

145 1720 265 1790 quidem,
277 1717 338 1788 quia
349 1732 410 1771 cum
423 1716 479 1784 ipse
491 1715 517 1768 in
531 1712 760 1768 diePentecostes
771 1713 933 1784 aquisgrani
985 1717 1142 1786 specialiter
1155 1717 1319 1778 dilexerunt.
1342 1731 1391 1772 nec
1413 1733 1460 1772 eos
1478 1718 1530 1774 ulla
1549 1722 1715 1790 prosperitas
1733 1723 1775 1778 rel

145 1818 280 1873 rrranerct,
293 1816 320 1861 et
334 1805 419 1860 abbas
433 1801 670 1859 castri-Nautonis
683 1804 786 1858 auricus
799 1818 832 1858 ao
847 1802 933 1858 tidelis
949 1801 970 1860 11
984 1807 1135 1862 adversitas
1147 1805 1247 1874 abelus
1257 1807 1401 1862 deuotione
1411 1808 1549 1866 subduxit.
1558 1809 1634 1866 Unde
1643 1819 1716 1865 tuam
1729 1827 1774 1866 re·

145 1899 298 1970 etquidem
323 1897 400 1953 utiles
423 1895 503 1966 ligius
521 1895 602 1948 bomo
625 1893 663 1948 tui
679 1892 795 1948 luissent
815 1894 848 1949 ad
865 1893 933 1949 Tres
982 1896 1412 1969 palemprudentiamaliectuosls
1426 1901 1777 1970 prosequimuractionibus

146 1991 232 2059 lleqcs
248 1990 274 2043 iu
296 1987 539 2057 peregrinationem
562 1983 686 2054 proiecti,
700 1998 792 2038 coram
812 1983 933 2056 pluribus
984 1989 1134 2058 gratiarum
1149 1987 1219 2056 quod
1237 1996 1355 2058 paternae
1366 1987 1427 2042 lldci
1443 1989 1587 2057 puritatem
1600 1991 1775 2060 lraeredltans,

145 2095 206 2135 cum
221 2080 319 2150 gaudio
341 2080 419 2149 quasi
434 2078 502 2133 dixit
517 2077 589 2147 quod
614 2084 640 2131 te
653 2075 828 2132 coniecerant
842 2075 931 2132 Picta·
983 2088 1114 2149 quantum
1124 2080 1158 2135 ad
1167 2079 1218 2134 boc
1227 2079 1252 2134 ei
1266 2079 1518 2136 coutraEcclesiam
1531 2095 1584 2136 non
1597 2081 1776 2150 irrisibilem

144 2183 241 2225 rcuses
264 2169 378 2226 comites
402 2167 537 2224 Nasturcii
562 2176 590 2223 et
612 2167 742 2234 Boionia,
755 2183 789 2224 ac
801 2169 934 2225 ducentos
983 2170 1126 2240 apostolica
1141 2172 1230 2235 sedes,
1243 2185 1302 2240 quae
1317 2185 1370 2225 non
1383 2170 1417 2225 ab
1432 2170 1542 2227 bomine
1555 2173 1700 2229 constituta
1717 2183 1772 2243 est,

145 2259 178 2314 de
191 2260 346 2316 melioribus
368 2261 499 2316 militibus
517 2259 653 2315 exercitus
676 2259 713 2315 tui
728 2270 870 2330 ceperant,
886 2275 931 2316 co·
982 2263 1030 2318 sed
1047 2274 1062 2315 a
1078 2261 1142 2325 beo,
1156 2261 1295 2316 carrlirieus
1309 2261 1336 2316 in
1350 2260 1419 2330 ipso,
1436 2274 1488 2315 uon
1503 2263 1598 2316 timent
1613 2263 1677 2332 quid
1691 2265 1773 2322 borno

144 2353 225 2408 nrites
245 2367 308 2408 uero
328 2352 447 2408 boloniae
460 2360 487 2406 et
503 2351 653 2407 lloilandiae
673 2353 932 2422 occidereutrquod
982 2349 1034 2406 sibi
1056 2350 1139 2406 iaciat
1161 2357 1255 2406 coutra
1274 2351 1369 2415 boum,
1383 2350 1612 2418 quemadmodum
1635 2353 1692 2419 ipsa
1707 2351 1774 2409 dicit

144 2442 226 2497 ueluti
237 2442 271 2498 de
281 2451 327 2498 tuo
337 2444 457 2513 gaudeus
469 2442 620 2496 iolortunio
631 2442 792 2511 publicabat.
806 2443 932 2500 Seeumlo
983 2440 1010 2495 in
1021 2438 1125 2509 psalmo
1139 2440 1190 2494 :ln
1213 2441 1268 2496 lieo
1288 2441 1406 2508 sperabo,
1428 2457 1479 2494 rron
1494 2441 1588 2496 timebo
1607 2443 1672 2513 qaid
1691 2442 1774 2513 {ndat

144 2547 210 2588 sero
225 2536 299 2604 quia,
312 2549 374 2590 enm
390 2535 447 2606 ipse
457 2533 575 2603 jurasset
589 2550 623 2591 ac
638 2535 741 2592 litteras
759 2551 824 2593 suas
837 2549 932 2608 pateu-
981 2531 1047 2585 mibi
1063 2531 1141 2584 botua
1155 2527 1242 2600 (Ptol.
1256 2534 1352 2600 exuri).
1364 2529 1444 2586 lesus
1457 2530 1582 2586 Cirristus
1596 2535 1697 2590 etenim
1712 2535 1775 2590 irin-

146 2635 187 2682 tes
202 2627 264 2683 inde
279 2627 326 2683 tibi
340 2627 458 2683 dedisset
475 2629 547 2698 quod
569 2637 595 2683 te
605 2627 714 2696 juraret
728 2638 823 2684 contra
839 2644 930 2700 regem
982 2621 1138 2677 dementum
1153 2630 1180 2677 et
1201 2621 1329 2676 fundator
1345 2622 1448 2691 ipsius.
1467 2631 1549 2691 supra
1562 2637 1591 2680 se
1605 2624 1710 2682 drmam
1725 2643 1773 2698 pe-

145 2715 286 2783 0umem,
301 2732 381 2787 quem
403 2727 431 2773 tu
446 2731 529 2772 rocas
550 2719 685 2788 quondam
700 2718 827 2775 comitem
841 2717 931 2774 Picta·
982 2723 1054 2772 tram
1069 2723 1142 2772 tanta
1152 2730 1214 2772 eam
1225 2715 1361 2772 soliditate
1371 2715 1539 2782 dusaritim
1552 2717 1650 2772 nedrrm
1665 2720 1773 2777 irruen-

144 2821 264 2873 rsnsem,
277 2817 305 2862 et
319 2809 390 2877 quod
415 2808 474 2864 sine
496 2816 541 2862 tuo
562 2821 675 2861 assensu
697 2820 759 2862 cum
782 2807 841 2876 ipso
860 2823 931 2861 nun·
984 2807 1020 2862 tia
1035 2806 1147 2863 brrnrins
1160 2821 1207 2862 seu
1230 2806 1313 2862 etiam
1334 2804 1429 2860 danus
1445 2805 1529 2872 veriti,
1545 2807 1666 2874 qrrinimo
1689 2822 1775 2880 porra

144 2911 225 2969 qoam
236 2913 332 2968 pacem
343 2899 436 2965 iniret,
446 2897 554 2954 demum
563 2897 742 2952 siccasseosu
752 2903 780 2951 et
793 2897 932 2952 voluntate
981 2897 1063 2953 interi
1094 2913 1147 2952 non
1177 2897 1344 2967 praevaleant
1368 2905 1463 2952 contra
1501 2895 1599 2965 ipsam.
1626 2896 1690 2953 Post
1716 2901 1774 2956 brec

145 2997 191 3046 tua
211 2990 380 3062 paccminlit
394 3004 456 3045 cum
468 2993 576 3051 eodem,
589 2988 661 3045 sicut
679 2989 707 3044 ln
721 2991 836 3044 veritate
848 2997 932 3044 teas·
982 2981 1073 3044 auteffl
1092 2988 1176 3043 alium
1201 2986 1345 3043 articulum
1370 2986 1513 3050 addidisti,
1527 2988 1554 3042 in
1573 3003 1628 3058 quo
1650 2987 1772 3046 llomana

145 3081 214 3138 seris
237 3083 405 3153 cognouisse.
421 3080 513 3136 Tertio
535 3093 653 3150 quoque,
666 3077 728 3148 quia
752 3091 814 3132 crim
838 3091 931 3135 comes
982 3077 1114 3143 Ecclesia,
1126 3079 1196 3134 sicut
1209 3076 1321 3141 asseris,
1334 3075 1381 3131 tibi
1396 3077 1500 3146 totique
1513 3093 1597 3149 regno
1610 3089 1657 3136 tuo
1671 3081 1774 3152 poterit

143 3176 221 3232 Earri
241 3174 354 3231 dilectus
376 3183 402 3229 et
422 3172 817 3241 dtettsconsanguineusmus
832 3170 929 3227 ducem
982 3170 1127 3227 subuenire
1152 3184 1184 3226 ac
1213 3168 1416 3241 progenitorum
1445 3175 1552 3225 tuorum
1576 3172 1673 3227 merita
1696 3188 1774 3230 com·

143 3266 324 3337 lotharingia
347 3265 498 3330 infestaret,
512 3279 630 3333 euinque
646 3264 672 3318 in
695 3279 743 3319 sua
758 3273 830 3319 terra
843 3265 932 3333 cepis-
982 3278 1109 3335 pensare.
1137 3262 1224 3319 Nosse
1247 3262 1400 3332 tequidem
1429 3262 1530 3319 asseris
1552 3264 1623 3333 quod
1648 3264 1770 3319 Romane

144 3369 195 3424 set,
211 3368 239 3413 tu
265 3357 377 3427 prelato
399 3357 521 3427 l‘bilippo
545 3370 640 3425 pacem
663 3353 698 3411 de
718 3355 777 3423 ipso
794 3354 861 3409 duce
882 3370 931 3426 pro
982 3356 1103 3411 Ecclesia
1120 3356 1261 3427 praelatum
1273 3354 1412 3419 ottonem,
1426 3364 1454 3409 ιιι
1469 3370 1540 3426 saepe
1555 3357 1656 3410 dictum
1669 3355 1772 3428 Philip·

145 3458 295 3505 memorato
315 3448 416 3505 comite
436 3446 570 3509 obtulisti,
584 3460 645 3516 quae
660 3444 932 3501 modisomnibusad
981 3463 1047 3518 pum
1069 3456 1160 3517 posset
1183 3446 1346 3517 deprimere,
1365 3446 1453 3501 modis
1468 3448 1770 3515 procurabatomnibus

145 3544 275 3613 ipsorum,
290 3540 415 3595 videlicet
431 3538 548 3607 Philippi
568 3546 596 3592 et
614 3537 701 3600 ducis,
717 3535 830 3592 cedebat
844 3538 930 3591 bono·
981 3538 1139 3603 sublimare,
1154 3538 1297 3593 attendens
1310 3539 1380 3607 quod
1394 3536 1549 3593 Fridericus
1564 3546 1643 3607 pater
1656 3548 1682 3593 ct
1696 3538 1770 3595 ileu·

144 3631 446 3702 rem,quemadruodum
460 3628 547 3684 tibist
559 3628 620 3683 aliis
635 3627 758 3697 pluribus
768 3626 929 3682 ridebatur:
981 3629 1056 3684 rierrs
1069 3627 1155 3682 irater
1168 3627 1288 3696 ejusdem
1300 3628 1416 3697 Plriiippi
1429 3626 1513 3681 multa
1531 3627 1599 3681 mala
1616 3629 1664 3698 ipsi
1677 3628 1772 3685 Eccle·

145 3723 191 3793 qui
204 3738 287 3794 super
299 3722 407 3792 bocper
421 3719 528 3775 litteras
540 3726 568 3772 et
582 3719 705 3774 nuntium
717 3732 795 3773 suum
810 3717 931 3775 indebite
982 3721 1029 3777 aia
1041 3722 1204 3791 irrogarant,
1217 3729 1244 3777 et
1255 3720 1381 3789 quoniam
1392 3734 1488 3775 omnes
1500 3720 1547 3775 tilii
1563 3720 1667 3790 prelati
1678 3720 1772 3776 Eride-

145 3816 193 3872 tibi
218 3816 400 3886 respondens,
416 3814 451 3867 ad
473 3811 683 3883 aggrediendum
705 3809 862 3881 praedictum
885 3824 930 3866 co·
982 3814 1030 3869 rici
1046 3822 1187 3869 cesserunt
1197 3813 1224 3867 in
1240 3811 1365 3877 lata‚ucc
1379 3812 1524 3883 aliquisne
1539 3810 1771 3879 bliiseiusexstat

145 3912 251 3976 mitem,
271 3925 382 3982 precum
408 3917 513 3963 tuarum
532 3908 683 3972 immemor,
707 3905 856 3961 exercitum
872 3903 930 3973 iam
981 3904 1027 3976 qui
1051 3908 1136 3975 possit
1149 3907 1183 3960 ad
1196 3904 1339 3972 imperium
1355 3903 1521 3974 promoueri,
1538 3902 1618 3958 nobis
1639 3905 1770 3959 attentius

145 4004 252 4069 eiurat,
267 4004 324 4069 sed,
339 4002 454 4057 Domino
468 4000 651 4069 permittente,
662 3997 690 4052 in
702 3998 748 4053 iilo
771 3998 819 4053 luit
834 3998 932 4053 itinere
980 3996 1136 4067 supplicasti
1153 4010 1187 4051 ire
1201 3996 1288 4066 ipsum
1308 3994 1435 4051 ottonem
1452 3998 1485 4049 ad
1502 3994 1643 4063 imperium
1658 4008 1768 4065 promo-

145 4094 314 4153 imeriectus.
328 4096 368 4151 11
382 4108 442 4164 qua
456 4102 510 4148 tore
523 4090 663 4147 serenitati
678 4088 805 4145 duximus
819 4103 931 4159 respon·
980 4104 1045 4144 rere
1058 4088 1199 4155 vellemus,
1215 4090 1277 4159 quia
1290 4102 1375 4159 nepos
1389 4095 1432 4143 est
1445 4086 1520 4157 repis
1532 4085 1690 4156 bogiorum,
1706 4100 1768 4141 cum

145 4188 355 4258 dendnmquod,
368 4188 431 4244 licet
444 4184 645 4242 intereumdcm
661 4180 812 4251 Philippum
823 4188 931 4251 etprae·
980 4194 1036 4250 quo
1053 4179 1137 4235 babes
1160 4178 1317 4235 inimicitias
1338 4176 1468 4247 capitales
1480 4184 1508 4231 et
1527 4176 1572 4244 qui
1591 4185 1616 4229 te
1631 4174 1771 4229 multoties

144 4280 229 4336 latum
253 4279 380 4336 ottonem
403 4294 455 4349 pax
478 4292 532 4333 uon
557 4272 639 4330 luerit
661 4272 819 4340 reformata,
835 4273 882 4327 sed
896 4272 931 4328 de
981 4287 1030 4342 per
1044 4272 1172 4327 satellites
1185 4286 1249 4327 suos
1262 4268 1418 4340 procuravit
1438 4265 1536 4330 occidi,
1552 4265 1670 4319 acidam
1693 4262 1785 4329 orm..

143 4370 201 4441 ipsa
217 4368 388 4427 reformanda
404 4376 565 4433 tractatum,
582 4379 630 4435 per
643 4363 701 4419 baec
722 4370 810 4419 minen
831 4363 930 4419 intelli·
981 4377 1042 4417 crim
1058 4362 1121 4416 olim
1139 4360 1231 4417 comes
1244 4359 1412 4415 Pictavensis
1423 4357 1564 4422 existeret,
1577 4364 1677 4413 terram
1695 4362 1769 4422 tuom
1844 4404 1847 4409 .

143 4479 208 4537 gere
223 4462 333 4535 potuisti
346 4469 474 4532 quantam
490 4459 570 4514 iidem
583 4459 683 4513 babere
696 4456 730 4511 de
745 4457 803 4527 ipso
814 4456 930 4514 volueris
946 4463 968 4518 b
982 4455 1166 4525 ecclesiasque
1185 4452 1344 4517 combussit,
1360 4460 1387 4505 ct
1409 4450 1456 4504 tibi
1480 4464 1512 4503 ao
1532 4458 1611 4504 terrm
1625 4456 1677 4502 toas
1698 4447 1770 4501 mala

143 4566 330 4630 orientemque
340 4554 511 4611 dilectionem
526 4551 554 4607 in
566 4566 600 4607 eo
616 4550 742 4604 debueris
752 4551 929 4617 constituere,
980 4549 1070 4603 omnia
1085 4562 1145 4617 quae
1157 4546 1245 4619 poam
1257 4543 1400 4615 irrogarit,
1413 4557 1464 4597 nec
1479 4540 1596 4611 aliquam
1612 4540 1673 4594 iude
1686 4539 1768 4593 satis·

144 4650 266 4720 illudque
279 4661 371 4702 rerum
396 4644 481 4700 luisse
494 4642 566 4714 quod
579 4640 676 4696 melius
688 4640 738 4696 tibi
751 4650 822 4706 erat,
836 4656 932 4711 quem·
981 4636 1127 4691 tectionem
1151 4636 1291 4707 impendit.
1314 4633 1451 4704 Siquidem
1469 4631 1621 4699 persecutio
1639 4628 1769 4685 Friderici

145 4742 291 4796 admodum
313 4738 411 4807 sapius
429 4735 476 4791 tibi
498 4733 673 4804 scripsimus,
690 4732 789 4788 nostris
811 4733 933 4790 consiliis
981 4728 1015 4783 ab
1028 4726 1157 4783 Ecclesia
1171 4736 1263 4781 meme
1279 4741 1333 4780 non
1353 4722 1465 4788 excidit,
1478 4736 1538 4790 quae
1550 4720 1684 4789 proiecto,
1700 4734 1770 4789 prae·

147 4828 321 4899 acqrrlescere
333 4842 414 4898 quam
426 4824 507 4881 Sueri
522 4822 663 4879 fraudibus
676 4822 819 4877 inbaerere.
832 4822 933 4879 Conse·
982 4826 1024 4872 ter
1038 4816 1090 4872 alia
1109 4817 1301 4887 impedimenta
1329 4828 1390 4882 quse
1416 4811 1539 4879 Philippo
1563 4808 1597 4863 ad
1622 4809 1769 4879 imperium

145 4928 363 4995 quenterautem
379 4919 449 4973 lianc
464 4931 572 4973 causam
586 4914 641 4974 odii
653 4915 802 4985 quoderpa
819 4923 846 4971 te
861 4915 933 4970 idem
982 4908 1156 4964 obtinendum
1178 4905 1334 4969 obstabant,
1355 4918 1408 4958 non
1428 4916 1462 4957 ex
1483 4899 1595 4955 minima
1619 4908 1696 4969 parte
1720 4913 1770 4955 nos

145 5012 286 5085 Philippus
312 5016 474 5081 conceperat
505 5006 682 5079 expressisti,
708 5005 834 5062 videlicet
860 5004 933 5075 qnod
982 5001 1047 5057 lecit
1058 5002 1092 5056 ab
1104 4998 1188 5070 ipsius
1202 4994 1341 5052 declinare
1353 4994 1458 5058 levore,
1472 4993 1519 5047 bel
1534 4990 1629 5047 colotis
1644 4990 1770 5061 exemplo

147 5113 209 5162 enm
223 5119 295 5173 carpe
315 5112 343 5158 te
356 5118 407 5173 per
423 5102 530 5156 litteras
551 5106 580 5154 et
600 5098 712 5153 nuntios
732 5096 892 5167 requisisset
904 5104 934 5149 ut
982 5100 1093 5163 peccata
1111 5098 1218 5158 patrum
1235 5089 1262 5142 in
1277 5086 1346 5142 idios
1361 5100 1446 5158 usque
1469 5086 1494 5139 iu
1511 5084 1617 5141 tertiam
1636 5094 1664 5139 et
1685 5097 1771 5153 quar-

147 5198 262 5254 baberes
281 5194 443 5263 colloquium
458 5208 521 5248 cum
543 5191 649 5252 eodem,
665 5198 691 5243 tu
705 5187 763 5258 ejus
774 5187 876 5242 nuntiis
890 5201 935 5241 re·
984 5194 1039 5239 teor
1055 5184 1210 5254 progeniem
1224 5180 1386 5235 vindicantis
1405 5178 1431 5233 in
1454 5177 1489 5233 iis
1511 5176 1629 5231 maxime
1644 5174 1689 5245 qui
1706 5176 1772 5229 ode·

147 5288 279 5361 spondisti
294 5287 365 5357 quod
378 5286 451 5355 regni
468 5281 585 5356 negotiis
598 5290 756 5349 occupatus,
771 5279 934 5348 colloquium
983 5284 1048 5331 runt
1062 5288 1135 5337 errru,
1152 5272 1179 5327 id
1194 5272 1275 5328 estin
1293 5268 1405 5338 illisqui
1419 5268 1770 5338 contraipsumpaternum

148 5382 247 5439 babere
273 5393 327 5435 non
352 5387 460 5448 poteras
487 5391 548 5430 cum
574 5374 644 5444 ipso,
673 5371 725 5427 nisi
752 5371 828 5441 prius
849 5372 935 5427 scires
982 5366 1075 5421 odium
1097 5364 1250 5421 imitantur.
1266 5362 1399 5417 Caeterum
1420 5358 1621 5431 prouidentiam
1647 5366 1720 5410 tuam
1742 5354 1769 5406 in

147 5476 246 5544 dequo
257 5482 285 5529 et
306 5486 388 5541 super
402 5469 499 5539 quibus
513 5468 584 5523 intcr
597 5480 645 5521 vos
658 5464 723 5519 illud
736 5462 869 5520 celebrari
883 5463 933 5519 de·
984 5458 1098 5513 boudno
1112 5455 1335 5511 commendamus
1347 5452 1418 5523 quod
1439 5452 1475 5506 ita
1491 5452 1543 5521 piae
1556 5446 1708 5505 deuotionis
1721 5458 1772 5515 pa-

147 5564 233 5621 beret.
983 5556 1056 5604 trum
1079 5557 1184 5603 tuorum
1200 5546 1331 5604 memoris
1345 5544 1489 5601 delectaris
1499 5550 1529 5599 ut
1544 5552 1633 5597 tamen
1648 5537 1773 5607 impieta·

170 5655 233 5724 ·0ui
248 5657 294 5713 tibi
306 5668 356 5725 pro
366 5654 425 5723 ipso
438 5659 467 5706 et
478 5664 526 5721 per
538 5648 625 5720 ipsum
640 5647 844 5719 respondentes.
856 5646 933 5702 dixe·
986 5651 1040 5697 tem
1063 5641 1206 5699 detesteris
1226 5640 1334 5696 illorum
1355 5638 1400 5712 qoi
1423 5644 1486 5694 suut
1504 5632 1653 5692 Ecclesiam
1677 5642 1771 5701 perse

147 5760 213 5807 runt
230 5748 305 5822 quod
327 5748 385 5819 ipse
399 5742 505 5802 nolebat
518 5751 548 5800 ut
569 5750 665 5799 contra
679 5754 729 5799 uos
742 5748 769 5797 ct
783 5736 934 5797 itomanam
985 5736 1049 5793 cuti.
