4109 6325
268 271 348 362 ,im
939 274 1135 335 innocencii
1158 277 1191 333 ιιι
1210 277 1262 334 PP.
1843 281 1927 338 1156

310 395 365 452 Sed
379 408 441 450 cem
457 393 611 450 bodonicus
621 390 736 448 illustris
753 389 894 446 memorie
906 397 985 460 pater
1001 396 1065 443 tuus
1077 390 1102 448 A
1115 403 1168 444 non
1181 387 1321 456 potuimus
1332 401 1393 441 com
1403 383 1592 440 nostradamae
1603 397 1635 440 ac
1645 386 1761 457 propriae
1769 387 1926 443 conscicn-

275 485 336 543 relo
347 483 541 541 ecclesiasticae
554 481 694 553 religionis
707 494 839 536 accensus
851 492 903 533 noo
921 461 1063 534 dubitare·
1115 481 1159 535 tirc
1171 479 1299 550 puritate.
1315 479 1385 546 Quia
1398 492 1460 534 cnm
1479 489 1559 532 cansa
1572 476 1667 531 eadem
1693 486 1809 548 utraque
1832 488 1926 549 parte

275 582 492 646 ritseoppooere
500 573 650 641 Fridcrico,
659 572 767 643 quarrdo
777 571 805 625 in
813 570 962 625 schismate
972 581 1063 638 geme-
1113 581 1249 642 praesente
1268 579 1341 626 esset
1364 569 1433 624 citra
1449 568 1505 622 litis
1526 567 1754 624 contestationem
1770 570 1797 624 in
1813 579 1924 625 nostro

276 669 324 725 irat
337 667 457 722 Ecclesia
471 673 498 721 et
509 666 654 736 imperium
669 665 697 720 in
711 664 815 721 ueritate
826 663 946 734 rigebat,
959 666 1063 732 quanto
1114 663 1251 718 auditorio
1267 660 1406 726 ventilata,
1430 667 1458 715 et
1473 657 1636 729 quibusdam
1659 674 1709 729 pro
1735 661 1808 716 bono
1831 661 1924 732 pacis

277 771 305 817 tn
322 760 553 826 securius,iactus
565 760 702 816 robustior
715 767 793 831 patre
806 767 863 824 tuo,
877 757 988 826 potuisti
1004 771 1065 811 ces·
1114 753 1226 822 procide
1237 751 1379 814 ordinatis.
1397 748 1504 819 utrique
1518 749 1587 818 parti
1601 751 1801 821 peremptorius
1815 751 1921 808 termi-

201 897 205 903 .
277 869 339 909 sare
351 869 367 907 a
382 851 474 908 latore
490 851 606 922 Philippi
622 849 704 905 Saevi
718 849 766 904 lilii
786 848 917 904 Friderici
931 856 959 902 ct
972 846 1065 902 iratris
1116 859 1166 900 nus
1180 843 1215 898 sit
1226 841 1352 912 praefixus
1365 840 1561 910 elabutraque
1572 851 1794 912 partereceprus,
1804 844 1919 914 reliqua

277 945 384 1000 ilenrici
396 952 599 1016 persecutorum
611 941 757 1008 Ecclesiae,
770 956 841 1011 sepe
851 941 971 996 monitus
984 947 1011 994 ct
1020 953 1066 994 ro·
1116 949 1187 991 nunc
1196 936 1308 989 absente
1317 933 1349 988 ad
1361 932 1519 1003 petitionem
1533 932 1707 990 alterinsnon
1719 936 1797 991 decet
1805 936 1918 1006 aliquid

277 1047 387 1108 rogatus
406 1037 524 1100 ariolis,
539 1047 567 1091 ct
582 1035 700 1089 maxime
725 1043 920 1104 temporeque
944 1033 1065 1088 scirisma
1116 1026 1253 1082 immutari
1268 1025 1339 1080 nude
1353 1023 1538 1095 prejudicium
1561 1026 1586 1080 ci
1606 1035 1634 1080 et
1656 1027 1840 1099 nolispossct
1860 1042 1919 1098 op·
1972 1068 1977 1078 .

276 1127 417 1198 premebat
432 1127 573 1198 imperinm
589 1127 719 1181 cionitas
733 1125 884 1181 Ecclesiam
907 1125 1065 1191 extollebat,
1116 1120 1255 1189 probrium
1279 1117 1438 1189 provenire;
1450 1115 1497 1172 8θᾶ
1512 1130 1597 1186 ”illue
1624 1119 1659 1172 ad
1673 1123 1824 1176 terminum
1844 1135 1917 1176 ⁰⁰¹¹·

276 1219 427 1288 praesertim
443 1234 504 1274 curn
519 1217 564 1273 ille
579 1232 689 1272 causam
711 1217 817 1272 foveret
841 1218 971 1286 iniquam.
987 1217 1066 1273 Unde
1116 1209 1241 1266 cilinium
1255 1216 1282 1264 el
1295 1206 1367 1262 ulica
1387 1206 1471 1260 eliam
1482 1209 1642 1262 curabimus
1653 1220 1824 1279 exspectare,
1843 1224 1916 1280 pro-

277 1321 338 1362 cum
358 1315 385 1361 to
402 1307 427 1360 ei
440 1307 549 1360 duceris
561 1305 752 1360 adlraerendum
766 1306 811 1376 qui
827 1315 887 1360 erat
906 1304 1024 1361 offensus
1040 1315 1067 1362 et
1117 1299 1231 1364 cessuri,
1243 1305 1354 1352 auctore
1368 1295 1493 1364 Domino,
1509 1296 1581 1351 sicut
1597 1297 1679 1353 luerit
1692 1301 1913 1370 procedendum.

277 1398 421 1452 indevotus
433 1397 573 1462 Ecclesia,
588 1397 688 1452 licitere
702 1412 753 1466 pro
772 1398 882 1468 indigno
910 1414 963 1454 non
985 1397 1067 1454 debon
1118 1387 1258 1444 Credimus
1273 1396 1360 1442 tannen
1375 1388 1446 1456 qarod
1466 1387 1576 1443 utilitati
1589 1397 1642 1443 tuae
1655 1391 1744 1458 potins
1762 1391 1915 1464 expediret

276 1493 361 1550 sinos
382 1493 499 1549 lavimus
514 1492 542 1546 in
561 1501 665 1561 partem
689 1492 767 1545 istius
792 1489 903 1546 hurrtilis
918 1506 950 1546 ac
963 1491 1067 1555 devoti,
1118 1489 1147 1534 ῑιῑ
1163 1479 1305 1534 ἓιῑιιιιιιιι
1318 1486 1411 1532 ⁰⁰⁵¹f²
1432 1486 1458 1532 ¹⁰
1480 1477 1625 1532 humiliare
1640 1494 1757 1547 ῡιιιιθιι
1770 1496 1832 1551 ‘1¹¹ae
1848 1495 1911 1535 ⁰⁰¹¹

278 1601 340 1641 cum
356 1586 464 1640 tandem
480 1584 577 1639 melius
591 1596 641 1636 nos
662 1581 709 1636 tibi
730 1596 828 1636 cavere
840 1581 1020 1650 potuissemus
1034 1582 1068 1636 ab
1118 1570 1203 1627 ⁸0¹⁰¹¹¹
1216 1571 1294 1628 s⁰l15⁵
1304 1581 1332 1628 0²
1345 1580 1451 1642 ιθῑθιιὸι
1462 1573 1509 1630 Sed
1525 1573 1614 1643 ampla
1630 1575 1710 1630 eliam
1720 1583 1760 1631 eil
1772 1585 1799 1632 el
1812 1577 1907 1648 larga.

279 1676 332 1732 5330
343 1690 424 1747 quam
434 1684 461 1729 gu
475 1687 573 1729 cavere
586 1673 665 1729 „ngas
677 1673 809 1740 potuisses
823 1672 858 1727 „g
871 1671 917 1726 5110
929 1665 937 1737 ᾗ
951 1687 984 1728 00
994 1672 1066 1743 quod
1122 1661 1156 1714 de
1168 1659 1242 1714 facili
1253 1660 1345 1716 valeria
1366 1661 1406 1716 sic
1417 1659 1560 1717 humiliare
1570 1663 1715 1732 snperlmm
1732 1664 1800 1720 sicut
1809 1666 1909 1721 irumi·

277 1768 371 1839 mique
387 1783 436 1823 „0³
452 1768 479 1821 pn
497 1767 561 1832 5910,
570 1774 605 1819 1„
617 1779 681 1819 vem
706 1779 877 1836 nequaqnam
895 1764 1066 1833 jmjsdrcpo.
1118 1749 1169 1804 lem
1184 1749 1303 1805 exaltare
1313 1764 1345 1805 ac
1355 1750 1468 1820 singulis
1485 1751 1599 1808 reddere
1622 1753 1771 1808 secundum
1795 1757 1913 1826 erigen-

276 1876 339 1917 oen
357 1857 505 1914 transeam
519 1855 721 1913 itinerantes
735 1855 980 1925 suorunnsuqnoo
995 1857 1066 1913 coen
1117 1843 1182 1899 cram
1201 1843 1370 1906 meritorum.
1394 1843 1498 1900 devotis
1516 1851 1544 1898 et
1563 1845 1755 1901 obedientibus
1781 1846 1907 1915 storiam.

277 1947 341 2004 0tto
353 1962 490 2018 nnrmoam
503 1956 595 2017 posset
607 1947 633 2001 in
651 1947 793 2016 imperium
806 1946 945 2002 sublimari
960 1948 1024 2016 quin
1040 1948 1066 2002 in
1118 1937 1254 1992 ιιιΰθιθιιι
1268 1946 1357 1991 iidem
1374 1944 1402 1990 0¹
1419 1937 1637 1992 iss0b0d50⁰lib¹¹8
1658 1953 1777 2007 lloellsms
1793 1953 1853 1992 stim
1866 1940 1908 1993 ιιι·

279 2047 353 2092 gnum
365 2053 397 2091 20
409 2037 484 2106 mgni
499 2045 527 2090 et
537 2035 722 2091 aeclesiarum
741 2035 910 2107 djgpgndpum
933 2038 1068 2092 repanda.
1117 2027 1204 2083 vcrsis
1216 2027 1303 2084 orodis
1320 2027 1346 2080 in
1365 2025 1457 2082 multis
1469 2025 1568 2082 lociset
1580 2028 1664 2084 variis
1678 2028 1770 2085 causis
1785 2038 1907 2085 nostrum

278 2138 330 2186 ret.
345 2127 489 2184 Enimvero
509 2135 585 2182 tanta
600 2127 744 2182 devotione
756 2142 867 2199 regnum
883 2139 957 2184 tuum
971 2128 1066 2185 Eccle·
1116 2121 1252 2192 possimus
1276 2117 1476 2188 Ιιῦιθιιιιῦῑῑιιῐι
1501 2119 1661 2190 immilem·
1685 2120 1857 2191 Quapropter
1884 2123 1908 2177 ιι

277 2218 325 2272 siae
338 2226 471 2287 tantaque
479 2216 620 2272 dilectione
634 2216 678 2270 illa
693 2217 731 2270 illi
750 2226 791 2272 est
806 2219 916 2274 counita
931 2227 960 2274 ot
976 2217 1066 2275 neutri
1117 2231 1168 2272 nos
1190 2216 1217 2268 in
1232 2229 1265 2268 eo
1281 2211 1390 2282 placare
1409 2222 1548 2282 satageres
1572 2213 1598 2268 in
1622 2228 1676 2283 quo
1696 2229 1748 2270 rios
1770 2212 1909 2269 offendere

277 2310 336 2364 sinc
348 2309 459 2363 alterins
473 2306 583 2363 laesione
592 2307 677 2375 possit
691 2309 851 2378 contingere
861 2309 1066 2366 detrimentum.
1117 2303 1267 2372 attentasti,
1282 2313 1311 2358 ut
1327 2305 1360 2358 ad
1371 2302 1444 2358 illius
1459 2303 1589 2359 auxilinm
1601 2316 1630 2360 et
1645 2304 1767 2362 iurarem
1781 2315 1908 2375 prompta

277 2399 356 2468 Quod
371 2400 465 2469 utique
489 2413 539 2454 nos
564 2399 678 2456 sollicite
702 2402 883 2464 attermcntcs,
896 2415 949 2458 noo
962 2411 1008 2457 toa
1021 2418 1067 2457 re·
1117 2400 1260 2457 deuotione
1273 2399 1376 2455 redires
1394 2415 1410 2454 a
1425 2398 1502 2468 cujus
1518 2401 1620 2456 anxilio
1634 2410 1662 2456 ct
1673 2400 1767 2458 fanore
1777 2403 1909 2460 indecoro

277 2492 425 2560 nrrrsirione
447 2490 618 2559 jamdudum,
647 2491 695 2546 sed
719 2488 816 2545 allecto
842 2505 923 2560 quem
946 2494 1067 2550 circata
1117 2491 1214 2563 spiritu
1239 2489 1388 2558 recessisti,
1416 2505 1478 2560 spes
1507 2491 1620 2546 tilinon
1638 2491 1908 2548 incertadaretnrut

277 2583 397 2652 gerimus
422 2581 574 2652 provocati,
599 2580 769 2636 indemnitati
795 2590 848 2637 tue
870 2598 903 2638 ac
926 2584 1000 2654 regni
1027 2584 1065 2638 tui
1118 2583 1298 2656 praececidisti
1324 2597 1492 2653 resurgeres,
1513 2583 1579 2639 etsi
1606 2584 1706 2638 norrad
1721 2583 1796 2638 illum
1812 2584 1839 2638 in
1854 2599 1909 2654 quo

278 2687 360 2741 super
378 2672 595 2728 laoccuraainms
615 2685 777 2740 praecavere,
797 2681 871 2726 ccrta
887 2674 1066 2741 promissione
1116 2675 1185 2730 alius
1210 2682 1253 2730 cst
1272 2673 1387 2740 locatos,
1402 2673 1535 2728 edulium
1561 2683 1652 2728 tamen
1671 2675 1785 2744 gradum
1811 2675 1837 2729 in
1852 2690 1908 2742 nno

278 2764 313 2817 ab
330 2761 424 2816 codem
438 2761 538 2816 Orione
560 2770 670 2828 recepta
693 2760 743 2814 sub
767 2776 849 2816 aurea
869 2763 941 2818 bulla
964 2765 1066 2832 scripto
1117 2765 1186 2820 alius
1203 2773 1245 2820 est
1262 2763 1403 2827 locandus,
1423 2771 1451 2818 et
1476 2778 1525 2818 nos
1549 2763 1657 2818 interim
1683 2764 1839 2820 laceremus
1859 2765 1908 2820 tilii

277 2853 380 2920 pariter
396 2861 423 2905 ct
434 2851 588 2921 juramento
603 2849 709 2906 drmata
727 2852 798 2921 quod
814 2852 848 2907 de
862 2868 929 2922 pace
943 2854 986 2909 rel
999 2870 1066 2910 con-
1117 2854 1313 2912 horroralsiliter
1334 2854 1471 2922 provideri
1489 2855 1523 2910 ad
1539 2865 1663 2910 nostrum
1676 2866 1705 2911 ct
1717 2855 1803 2925 ipsius
1823 2857 1912 2910 liono-

278 2941 370 2999 cordia
387 2949 475 2996 tecum
489 2941 675 3010 componenda
693 2950 720 2996 et
730 2942 897 2998 observanda
911 2954 1005 3001 nostro
1017 2961 1067 3016 per
1118 2964 1174 3004 rem
1187 2947 1332 3003 elllcacitcr
1353 2947 1513 3002 intendenti.
1541 2946 1659 3018 inspiret
1672 2949 1755 3018 igitur
1773 2949 1848 3002 cordi
1863 2960 1910 3002 tuo

277 3035 369 3091 omitia
384 3033 490 3103 parebit
502 3033 615 3087 arbitrio
629 3041 657 3086 ct
669 3032 816 3097 rrraridato;
831 3035 901 3092 sicut
912 3039 999 3093 nuntii
1016 3039 1065 3106 tui,
1081 3066 1103 3124 G
1120 3038 1164 3096 ille
1178 3038 1224 3108 qui
1246 3039 1290 3093 uli
1302 3037 1359 3091 ιιιιι
1382 3037 1471 3107 spirat
1485 3039 1598 3110 spiritus
1614 3039 1751 3102 veritatis,
1766 3049 1796 3094 ut
1809 3054 1911 3094 sanum

278 3126 377 3197 quibus
400 3123 561 3193 rescriptum
590 3123 674 3193 ipsius
703 3125 868 3182 ostendimus
896 3129 1067 3197 intuendum,
1120 3131 1286 3203 amplectens
1300 3131 1454 3197 consilium.
1472 3131 1569 3187 anime
1584 3129 1666 3185 simul
1682 3139 1709 3186 et
1723 3130 1831 3201 corpori
1846 3130 1910 3187 sine

280 3227 335 3271 tarn
354 3218 388 3272 de
403 3216 461 3285 ipsa
476 3230 559 3285 quiam
574 3215 608 3269 dc
632 3215 694 3270 aliis
719 3216 940 3288 circumstantiis,
959 3223 994 3276 de
1008 3223 1070 3292 qni-
1120 3224 1286 3280 dubitatione
1309 3224 1417 3280 salabre
1439 3223 1505 3279 illud
1520 3238 1603 3294 agere
1630 3224 1742 3279 studeas
1758 3237 1807 3295 per
1832 3223 1908 3293 quod

278 3308 575 3366 buscoutulimnscum
590 3307 703 3370 eisdem,
729 3314 782 3362 tuae
806 3309 890 3379 regali
918 3314 1069 3381 prudentiss
1121 3316 1238 3371 divinam
1268 3322 1295 3369 et
1322 3325 1441 3371 nostram
1460 3316 1577 3385 gratiam
1605 3315 1750 3380 merearis,
1765 3330 1816 3385 pro
1832 3322 1912 3371 certo

279 3404 419 3460 rlrauoce
431 3413 562 3473 poterunt
574 3416 713 3460 enarrare.
731 3406 798 3462 cum
822 3404 912 3476 itaqne
932 3408 1067 3475 videatur,
1118 3408 1256 3465 confidens
1274 3408 1346 3477 quod
1369 3408 1441 3463 illius
1454 3408 1541 3479 parati
1565 3421 1661 3465 snmus
1676 3408 1788 3479 vestigia
1807 3407 1910 3463 imitari

279 3494 361 3553 rebus
374 3494 463 3551 taliter
470 3510 500 3550 se
512 3495 684 3563 liabentilms,
694 3500 821 3569 expedire
835 3500 905 3553 ntad
913 3498 1067 3554 iaciendum
1119 3503 1164 3572 qui
1179 3500 1245 3555 dicit
1262 3518 1269 3554 ι
1286 3498 1473 3555 Conocrtimini
1495 3502 1529 3555 nd
1545 3517 1596 3556 mc.
1617 3512 1640 3556 et
1660 3519 1707 3572 ego
1722 3512 1860 3556 conmrtor
1874 3502 1910 3555 od

279 3586 351 3643 inter
361 3601 410 3643 vos
421 3600 514 3656 pacem
526 3599 555 3641 et
565 3589 739 3643 concordiam
753 3590 894 3645 intendere
909 3589 1066 3655 debeamus,
1118 3608 1162 3647 noa
1178 3590 1271 3661 (locis.
1284 3590 1314 3659 r).
1331 3591 1470 3659 Alioquin,
1484 3606 1538 3646 noo
1555 3600 1656 3647 nostrae
1671 3592 1778 3647 duritiae
1790 3592 1840 3647 sed
1856 3600 1909 3645 toae

246 3697 251 3703 ’
280 3681 477 3737 tumodumct
495 3681 610 3735 formam
641 3682 715 3750 pacis
737 3692 766 3737 et
784 3683 936 3738 concordie
959 3694 1067 3751 pertra-
1117 3683 1221 3755 poteris
1246 3682 1436 3753 imprudentiae
1463 3681 1617 3753 imputare,
1640 3684 1663 3739 si
1687 3683 1837 3739 norissima
1863 3691 1910 3736 tua

279 3772 395 3836 claudae,
408 3772 502 3827 sicam
525 3771 635 3827 duxeris
651 3773 855 3843 acceptandam,
867 3773 947 3829 nobis
966 3772 1068 3843 poteris
1119 3776 1183 3831 ssent
1197 3773 1290 3843 pejora
1311 3774 1459 3845 prioribus,
1483 3777 1546 3831 dum
1569 3775 1788 3833 sanis'consiliis
1804 3774 1909 3847 refugis

279 3860 546 3933 intimarc;nosqne
572 3871 616 3916 tua
642 3863 778 3919 voluntate
808 3872 956 3932 comperta,
986 3864 1068 3918 dantc
1118 3865 1296 3935 acquiescere
1308 3880 1339 3920 ac
1352 3865 1433 3935 iustis
1450 3865 1676 3935 persuasionibus
1687 3866 1852 3923 consentire.

279 3953 345 4017 Deo,
358 3953 392 4008 ad
405 3952 493 4022 ipsam
509 3955 736 4022 cinanmomum,
756 3964 827 4010 tacito
844 3954 978 4010 elilcacins
1001 3969 1067 4023 pro·
1153 3954 1249 4009 ilatum
1265 3954 1414 4024 Ferentini,
1430 3974 1447 4011 x
1462 3956 1523 4017 llal.
1537 3956 1710 4029 Nouembris,
1730 3955 1909 4027 pontificatus

279 4044 416 4099 cedemus.
429 4042 564 4098 Preterca
580 4059 663 4115 srrper
677 4060 710 4100 eo
722 4046 794 4114 quod
809 4045 842 4099 dc
855 4044 958 4115 imperii
971 4045 1069 4098 cirita·
1117 4045 1201 4101 nostri
1215 4061 1285 4100 acino
1301 4047 1455 4103 undecimo.
1667 4041 1669 4045 ’

279 4136 408 4189 tibnamo
423 4151 507 4205 regno
531 4136 625 4191 ricinis
642 4150 691 4204 per
708 4145 767 4190 ruas
786 4134 865 4189 anobis
885 4133 989 4189 litteras
1004 4149 1067 4205 sng-
1445 4137 1572 4195 clxiii.

279 4226 397 4296 gessisti,
410 4233 457 4280 tna
477 4226 577 4296 regalis
602 4225 748 4296 prudentia
777 4224 920 4294 diligenter
943 4224 1067 4281 advertat
1323 4244 1499 4287 nnrnrnncnn
1514 4247 1698 4296 nantoacensi.

279 4324 369 4370 utrum
385 4316 433 4371 tici
450 4315 492 4369 vel
508 4326 553 4371 too
569 4333 652 4388 regno
665 4316 791 4385 expediat
805 4325 835 4371 ut
847 4317 881 4373 ad
893 4330 939 4373 res
961 4318 1065 4388 imperii
1151 4321 1229 4376 Licet
1247 4332 1309 4391 post
1323 4338 1415 4379 necem
1427 4324 1541 4380 illustris
1555 4327 1694 4381 memoriae
1705 4326 1908 4396 Philippidncis

278 4421 388 4462 niarium
403 4408 504 4461 mites.
1080 4412 1224 4472 DSireriae
1233 4429 1316 4485 super
1330 4416 1435 4487 negotio
1447 4417 1553 4487 imperii
1569 4418 1766 4489 beneplacitum
1780 4431 1906 4475 nostrum

313 4498 410 4553 ilatum
425 4498 511 4564 Sorae,
524 4514 559 4553 ιιι
571 4498 631 4553 llal.
642 4498 781 4567 Octobris,
792 4499 965 4570 pontificatus
978 4499 1063 4557 nostri
1119 4505 1167 4561 tilii
1185 4505 1285 4575 trieries
1301 4508 1486 4565 curaverimus
1512 4508 1650 4575 intimare,
1674 4512 1737 4579 quia
1752 4519 1842 4566 tamen
1856 4512 1908 4567 ita·

279 4604 350 4645 anno
364 4591 517 4669 undecimo.
1117 4607 1176 4652 rato
1192 4595 1257 4651 illud
1273 4612 1321 4667 per
1341 4608 1448 4655 nostras
1468 4600 1573 4656 litteras
1599 4600 1648 4657 tibi
1662 4601 1784 4672 postulas
1795 4602 1906 4671 aperiri,

1116 4706 1177 4745 crim
1193 4689 1322 4746 Ecclesia
1337 4698 1389 4745 tusc
1413 4692 1499 4762 possit
1513 4708 1548 4747 ex
1562 4692 1614 4748 hoc
1632 4692 1802 4762 dispendium
1818 4692 1907 4747 immi-

1115 4796 1182 4837 nere
1196 4782 1220 4839 si
1242 4781 1350 4838 nescias
1374 4780 1402 4837 in
1418 4798 1500 4853 quam
1524 4792 1629 4855 partem
1642 4782 1744 4841 deleas
1757 4783 1905 4850 declinare,

616 4681 729 4741 ccxvi.

349 4787 468 4829 roncone
479 4788 604 4849 ooonoarr
615 4788 770 4831 coconrcnsr
779 4790 993 4832 ancnrrrrscoro.

314 4865 445 4922 Dilectum
467 4865 552 4921 filium
576 4866 760 4921 llermannom
786 4868 973 4939 presbyterum
1001 4883 1064 4925 curn

277 4956 376 5014 litteris
387 4958 439 5013 tuis
449 4959 483 5013 ad
494 4959 585 5013 sedem
596 4958 772 5029 apostolicam
784 4961 956 5015 accedentem
967 4975 1000 5016 ea
1010 4976 1065 5032 qua

277 5054 368 5112 deson
384 5053 551 5121 benignitate
573 5054 755 5123 suscepimus,
771 5064 798 5108 et
810 5053 901 5109 reclus
924 5054 1008 5124 ipsios
1018 5055 1065 5110 lie-

276 5148 386 5217 nignam
409 5145 565 5201 curavimus
587 5146 752 5200 audientiam
771 5145 910 5201 exhibere.
925 5146 1001 5213 erod
1016 5162 1066 5199 au·

276 5247 332 5293 tem
355 5252 404 5307 per
430 5237 517 5305 ipsum
534 5236 682 5291 etlitteras
710 5248 770 5292 roas
792 5237 950 5307 suppliciter
973 5245 1065 5307 postu-

276 5329 339 5385 lasti
355 5329 524 5399 utquoniam
546 5338 658 5397 propter
682 5330 796 5384 hostiles
821 5330 946 5407 incursus
971 5343 1065 5383 secure

276 5430 430 5490 corinetes,
446 5428 477 5474 ut
490 5420 602 5484 asseris,
627 5435 677 5489 pro
701 5436 784 5477 cansa
796 5430 840 5476 tna
854 5422 899 5477 rel
913 5423 938 5477 in
949 5434 1065 5491 persona

276 5512 385 5581 propria
396 5511 438 5567 rel
450 5526 500 5581 pcr
510 5512 696 5580 responsalem
710 5513 836 5567 idoneum
849 5514 876 5567 in
891 5523 983 5567 nostro
995 5526 1064 5581 prac-

276 5605 365 5658 seutia
385 5617 553 5674 comparere,
580 5618 690 5659 causam
717 5603 802 5673 ipsam
819 5605 939 5675 inregno
964 5604 1064 5658 Teuto-

276 5693 341 5749 nico
355 5696 659 5767 digosremnrpersonis
670 5694 914 5765 idoneisdclegare,
923 5693 1062 5751 diffinitiva

277 5786 355 5843 nobis
367 5788 500 5853 sententia
513 5797 671 5860 cesennam,
687 5786 759 5844 salva
778 5786 883 5859 justitia
908 5784 1059 5843 concedere

1116 4871 1282 4931 fraternitati
1310 4886 1363 4933 tuac
1386 4876 1560 4947 presentium
1575 4876 1761 4933 insinuatione
1772 4876 1906 4931 clarescat

1115 4967 1188 5037 qnod
1203 4981 1263 5022 cum
1279 4981 1327 5036 pcr
1342 4967 1388 5022 liei
1403 4966 1519 5036 gratiam
1530 4967 1616 5023 simus
1629 4982 1712 5037 super
1737 4975 1844 5039 petram
1860 4982 1905 5022 so·

1117 5058 1198 5113 lidam
1212 5057 1335 5124 stabiliti,
1356 5058 1382 5114 in
1399 5058 1494 5114 eodem
1514 5058 1541 5113 in
1561 5071 1615 5127 quo
1628 5066 1656 5113 et
1674 5057 1752 5129 prius
1766 5058 1905 5129 proposito

1116 5162 1315 5219 per-rnancnms.
1329 5146 1462 5215 Quocirca
1478 5147 1674 5204 maternitatem
1688 5156 1764 5203 tuam
1778 5163 1906 5220 rogamus

1115 5241 1244 5294 attenctius
1268 5247 1296 5295 ct
1314 5255 1464 5305 nuntiemus,
1490 5254 1539 5309 per
1563 5239 1713 5311 apostolica
1736 5240 1787 5295 tini
1802 5242 1905 5311 scripta

1116 5331 1280 5385 mandantes
1305 5343 1439 5401 quatenus
1465 5330 1627 5389 charissimo
1657 5332 1685 5387 in
1714 5332 1823 5388 Christo
1850 5332 1906 5387 illio

1115 5431 1208 5475 nostro
1223 5421 1320 5478 illustri
1346 5423 1402 5493 regi
1427 5422 1519 5477 (litorii
1536 5423 1563 5476 in
1577 5422 1761 5479 Romanorum
1784 5424 1906 5493 impera·

1116 5519 1201 5567 torem
1228 5514 1315 5571 electo
1340 5514 1492 5583 adhaereas,
1509 5517 1588 5586 cique
1607 5516 1722 5573 assistas
1734 5516 1855 5574 viriliter
1877 5526 1904 5571 et

1114 5613 1248 5675 potenter.

1151 5695 1246 5749 liotumr
1256 5692 1394 5759 Laterani,
1407 5709 1451 5749 snt
1465 5696 1524 5750 llal.
1538 5695 1717 5767 Septembris,
1729 5696 1903 5768 matrimus

1115 5788 1199 5843 nostri
1210 5799 1279 5841 ιιιιιο
1293 5785 1445 5842 rrcrdccimo.
