4109 6325
255 289 325 349 ibib
885 278 1079 342 tttn’ocettttt
1096 282 1130 341 ιιι
1147 276 1194 338 PF

256 411 386 472 tanquam
413 400 467 456 tilia
499 400 627 472 specialis
657 400 715 457 sedi
740 402 899 474 apostolice
924 407 1043 459 maxima
1058 411 1084 471 ρ,
1097 404 1227 460 mandato
1255 408 1355 459 nostrae
1380 410 1584 473 exspectamur
1604 402 1804 477 beneplseituur
1839 423 1890 465 ro·

255 503 364 563 routper
376 492 458 548 tuerit
473 490 618 547 dilectione
630 492 786 563 conjuncta,
799 501 826 547 et
842 507 890 563 pro
905 491 965 563 ipsa
988 506 1044 547 non
1097 494 1218 549 luntatis.
1235 492 1288 550 Sed
1298 493 1387 550 dictus
1398 493 1630 565 archiepiscopus,
1640 494 1711 551 sieut
1721 495 1893 565 acecpimus,

255 580 420 640 dubitauerit
434 580 542 636 labores
559 582 652 638 subire
661 584 765 655 pariter
777 592 806 641 er
817 598 951 655 expensas
976 592 1046 638 tem·
1097 585 1191 644 lavore
1205 595 1306 644 nostre
1316 586 1490 658 benignitatis
1506 586 1618 657 abusos,
1628 586 1754 659 perduos
1767 589 1894 647 clericel-

234 701 239 712 ·
254 672 368 747 perdtus
385 672 560 742 opportunis,
588 681 617 729 ct
645 674 861 745 predecessores
884 672 1047 746 blagdebur·
1099 678 1140 733 los
1152 679 1291 735 atttedicto
1304 679 1393 751 legato
1405 675 1470 733 lecit
1480 686 1588 733 nostras
1598 676 1704 735 litteras
1716 684 1891 749 praesentari:

254 763 346 837 pensis
360 763 559 835 archiepiscopi
570 774 597 821 ct
609 763 667 834 ipse
678 778 765 835 usqum
780 766 814 821 ιιι
840 765 898 820 bec
922 774 1046 836 tempora
1096 777 1125 825 et
1139 770 1202 825 iicet
1214 771 1273 841 ipse
1284 778 1395 842 paratus
1409 769 1491 823 luerit
1501 783 1627 825 securum
1641 772 1666 827 ei
1682 781 1814 841 ριιιιιιιι
1824 789 1891 831 con·

255 854 349 910 ildelca
359 851 448 909 eldem
460 853 617 910 exstiterint
627 863 656 909 et
669 853 771 921 devoti,
787 870 859 911 rrunc
872 854 931 925 ipsc
952 856 1047 911 arciri·
1097 857 1891 931 drictumtampercbarissimuuriuClrristolrlinmnostrum

1819 291 1892 349 locu

254 945 446 1016 episcopussub
460 946 546 1016 ipsius
562 946 714 1014 devotione,
730 963 783 1019 qua
795 946 830 1005 de
852 964 934 1005 musa
959 950 1046 1005 nesci

255 1050 328 1102 mus,
346 1035 514 1108 dignoscitur
529 1036 692 1107 declinasse,
708 1052 771 1095 com
799 1047 828 1095 ct
841 1038 901 1110 ejus
925 1040 1047 1097 auctori-

255 1128 316 1194 teti,
326 1128 371 1185 cni
385 1143 538 1203 repugnare
553 1130 645 1187 scelus
670 1141 714 1188 est
735 1132 905 1199 idololatriae,
921 1150 974 1191 nou
990 1150 1047 1191 me·

255 1218 308 1275 ιιιιι
317 1218 437 1285 obviare,
451 1233 486 1276 ae
500 1219 595 1290 legatis
607 1220 721 1290 uostris,
737 1222 793 1280 imo
808 1224 977 1297 nobisipsis,
995 1241 1046 1283 ue·

1097 949 1222 1006 ottonom
1238 964 1327 1022 regem
1339 950 1471 1006 illustrem
1499 948 1526 1003 ιιι
1537 948 1724 1007 Romanorum
1738 952 1889 1024 imperato·

1099 1057 1155 1098 rem
1164 1042 1278 1098 electum
1293 1059 1374 1114 quarn
1384 1058 1432 1115 per
1442 1057 1587 1117 germanos
1597 1046 1891 1112 suasetrcnerabiiem

1097 1135 1210 1191 fratrem
1236 1148 1357 1192 nostrum
1384 1134 1574 1193 Coloniensem
1600 1136 1835 1208 archiepiscopum
1860 1150 1889 1197 et

1098 1225 1166 1283 alios
1179 1227 1252 1283 viros
1271 1228 1385 1285 idoneos
1400 1270 1408 1295 ,
1421 1238 1449 1284 et
1463 1242 1513 1298 per
1525 1241 1643 1298 qrratuor
1661 1232 1744 1288 etiam
1761 1233 1849 1289 dietas
1864 1235 1891 1289 ei

255 1308 333 1384 gligit
344 1309 467 1368 obedire.
486 1310 557 1366 ottus
573 1310 708 1382 siquidem
720 1329 782 1371 cum
811 1317 977 1375 venerabilis
990 1318 1048 1373 tra·
1098 1318 1228 1375 uoluisset
1246 1334 1409 1386 occurrere,
1426 1332 1456 1377 ut
1477 1322 1534 1394 ipse
1547 1322 1572 1377 ei
1588 1324 1767 1392 personaliter
1781 1324 1892 1381 absolu·

256 1415 299 1461 ter
311 1410 404 1460 noster
417 1403 606 1462 Praenestinas
622 1404 776 1479 episcopus,
792 1411 952 1480 apostolicae
976 1414 1048 1470 sedis
1099 1410 1181 1467 tionis
1193 1410 1354 1469 benetluittm
1368 1412 1523 1480 exhiberet,
1535 1428 1568 1471 ee
1580 1412 1630 1483 ipsi
1645 1414 1723 1471 etiam
1735 1416 1893 1473 intimasset

256 1494 371 1567 tegetes,
384 1493 442 1550 suis
454 1493 533 1550 nobis
545 1492 647 1552 litteris
657 1497 811 1555 intimasset
830 1501 902 1570 quod
923 1516 986 1557 cum
1013 1503 1047 1560 ad
1098 1503 1170 1573 quod
1191 1502 1368 1559 incontinenti
1389 1503 1432 1561 rel
1448 1505 1556 1575 quando
1574 1504 1693 1575 placeret
1708 1508 1741 1563 ad
1756 1521 1819 1564 eum
1836 1522 1889 1565 so·

255 1598 333 1641 suero
353 1585 442 1656 ipsam
467 1596 644 1643 convocasset
658 1590 843 1656 presentiam,
860 1591 1049 1666 toeruqaeper
1100 1598 1203 1653 lemnes
1219 1599 1328 1655 uurrtios
1342 1601 1376 1655 tle
1388 1613 1438 1657 suo
1457 1599 1543 1657 latere
1557 1599 1728 1666 destinaret,
1742 1600 1787 1669 qui
1801 1600 1893 1669 ipsum

255 1676 380 1732 nuntium
396 1677 536 1748 proprium
552 1679 675 1748 corporis
697 1678 886 1739 infirmitatem
914 1685 1047 1758 allegans,
1099 1692 1249 1747 secundum
1266 1690 1381 1746 lorruam
1398 1690 1517 1747 mandati
1534 1691 1619 1747 nostri
1634 1705 1650 1745 a
1663 1690 1892 1748 rinculoescom·

255 1780 285 1824 se
300 1778 364 1825 tuuc
378 1782 394 1824 ι
407 1769 501 1826 bbere
521 1770 628 1826 itineris
654 1784 823 1844 excusasset,
839 1785 867 1833 el
889 1778 1048 1839 hostilitatis
1065 1760 1292 1838 Bmanicationis
1307 1783 1497 1851 absolverent,
1513 1784 1662 1839 dnmmodo
1686 1782 1745 1855 ipsc
1768 1784 1802 1839 ad
1816 1796 1892 1837 cunr·

255 1861 448 1934 irripedlmenta
469 1864 642 1955 postmodum
665 1868 855 1937 praetendisset
872 1871 970 1928 iterum
982 1888 1049 1930 cro·
1100 1872 1159 1928 dem
1173 1874 1290 1945 legatum
1305 1874 1410 1946 aliquos
1422 1877 1454 1932 de
1475 1876 1615 1933 canonicis
1630 1876 1763 1933 Ecclesiae
1778 1890 1833 1933 suc
1847 1875 1892 1931 ιιι

255 1962 332 2011 estas
346 1954 381 2011 ιιι
395 1954 619 2026 ipso,etsicnec
633 1958 723 2027 primo
736 1962 919 2019 occaecando
942 1964 975 2019 ιιι
989 1965 1049 2035 epar
1099 1965 1167 2021 alios
1195 1966 1331 2025 discretos
1356 1968 1467 2025 mumius
1488 1968 1660 2037 destinaret,
1679 1982 1796 2041 quorum
1813 1968 1893 2025 dietis

255 2044 429 2116 presentiam
440 2046 572 2103 accedere
593 2059 776 2118 procurasset,
797 2066 831 2109 ae
845 2054 916 2110 idem
943 2056 1049 2127 episco·
1099 2052 1167 2111 tides
1182 2064 1275 2125 posset
1300 2056 1398 2112 merito
1418 2056 1555 2123 adbiberi,
1571 2056 1683 2128 qrrando
1698 2058 1732 2112 ad
1745 2056 1892 2128 ejusacre·

255 2138 473 2207 pussooroteus
494 2136 593 2194 bonori
617 2137 737 2210 deterre,
748 2142 822 2214 quod
834 2145 859 2201 ei
887 2147 959 2217 ιριιιι
981 2146 1049 2205 Cor·
1100 2146 1165 2204 dere
1178 2146 1348 2217 presentiam
1361 2148 1542 2217 personaliter
1555 2164 1608 2205 non
1620 2149 1743 2205 ratereta
1764 2148 1836 2204 idern
1849 2155 1891 2202 ta-

255 2228 357 2294 belam,
372 2244 433 2302 orte
456 2245 510 2288 non
528 2232 644 2291 multum
666 2235 800 2301 distabat,
817 2247 985 2308 occurreret,
1000 2254 1050 2309 per
1101 2248 1163 2291 uren
1183 2235 1403 2308 archiepiscopus
1414 2238 1471 2293 baec
1486 2238 1578 2295 omnia
1594 2238 1811 2309 parvipendens,
1826 2237 1893 2293 nibil

250 2313 319 2377 ‘raas
332 2318 675 2380 eilitterasmandarissct
689 2334 716 2380 et
729 2324 788 2395 ipse
801 2328 987 2398 personaliter
1001 2343 1050 2385 ac·
1101 2325 1198 2381 borum
1226 2326 1316 2383 lacere
1341 2329 1521 2397 procurarit,
1547 2330 1594 2385 sed
1620 2338 1683 2401 >ost
1708 2329 1892 2401 receptionem

249 2386 552 2502 Ιιιιιιιιιιι(ιιιιιιιιιιι,
568 2430 617 2487 spe
636 2416 671 2475 oc
688 2431 739 2475 suo
762 2420 880 2477 adsensu
905 2435 1047 2494 concepus,
1101 2408 1219 2473 mandati
1241 2420 1326 2475 nostri
1352 2428 1473 2477 tractans
1494 2420 1682 2479 ecclesiastica
1706 2431 1891 2488 sacramenta,

254 2510 284 2560 et
297 2504 361 2576 quta
376 2504 434 2574 ipse
447 2506 528 2563 toties
541 2518 672 2566 euocatus
687 2509 714 2565 iu
724 2507 784 2580 ejus
795 2513 939 2582 prasentia
956 2514 1048 2572 noluit
1101 2523 1273 2581 nequaquam
1288 2527 1303 2565 a
1324 2510 1479 2568 divinorum
1501 2512 1685 2569 celebratione
1704 2512 1832 2570 cessarit.
1847 2512 1894 2567 Li·

254 2609 423 2668 oomparere,
439 2598 549 2655 candem
567 2600 595 2654 io
626 2602 715 2672 ipsum
732 2604 804 2660 retus
816 2606 844 2661 tn
858 2615 1048 2665 contumacem
1101 2608 1144 2655 cet
1167 2600 1250 2672 igituir
1260 2599 1389 2673 prelatus
1407 2602 1626 2675 archiepiscopus
1648 2604 1790 2660 materiam
1806 2603 1885 2660 nobis
1906 2606 1909 2609 '

255 2690 548 2747 excommunicationis
561 2692 725 2749 sententiam
742 2696 953 2771 promulgasses,
965 2714 1049 2770 quam
1101 2691 1208 2748 dederit
1234 2694 1471 2765 praesumptionem
1494 2708 1572 2751 suam
1589 2694 1712 2753 seuerius
1728 2695 1893 2766 castigandi,

149 2830 154 2839 ,
256 2780 316 2848 ipse
330 2778 808 2855 nullatenusobserrarit,quoniam
830 2786 1049 2860 idemarcbiepi-
1101 2798 1151 2839 nos
1172 2792 1265 2839 tamen
1296 2785 1418 2843 solentes
1432 2800 1492 2841 caut
1509 2787 1536 2841 iu
1563 2788 1661 2858 spiritu
1677 2788 1895 2846 rnausuetudinis

224 2876 229 2886 '
252 2880 357 2957 ¹scopus
369 2882 420 2937 per
438 2869 546 2927 litteras
558 2885 623 2927 suas
642 2873 806 2941 apostolatui
829 2883 924 2932 nostro
936 2892 1050 2950 sugges·
1100 2882 1277 2946 pertractare,
1286 2891 1338 2933 nou
1353 2876 1441 2932 adbuc
1455 2878 1572 2949 rigorem
1582 2875 1680 2947 judicii
1696 2892 1838 2943 exercere,
1853 2879 1894 2933 ei-

252 2967 293 3024 'sit
308 2968 382 3040 qaod
393 2984 455 3026 eum
471 2981 584 3042 propter
595 2968 741 3040 praedictas
759 2984 858 3026 causas
869 2983 898 3027 se
911 2970 996 3027 semel
1020 2978 1049 3025 et
1101 2967 1163 3022 dem
1176 2968 1300 3024 districte
1315 2970 1497 3040 precipiendo
1512 2970 1673 3029 mandamus
1688 2980 1717 3025 ut
1733 2970 1807 3026 omni
1817 2984 1893 3027 mors

251 3058 356 3114 'lterum
367 3072 534 3129 excusasset,
548 3074 581 3116 ae
590 3058 764 3131 postmodum
782 3069 812 3116 ut
833 3059 979 3117 corbeiam
1003 3074 1050 3117 ae·
1102 3068 1131 3118 et
1140 3064 1317 3119 excusatione
1329 3065 1490 3136 postpositis
1507 3066 1541 3121 ud
1552 3066 1695 3138 prelatum
1709 3067 1826 3137 legatum
1844 3082 1894 3122 ac-

252 3140 370 3209 ¹cederet
379 3150 476 3210 luisset
486 3154 637 3224 iniunctum
650 3156 676 3214 ei
691 3172 706 3212 ι
731 3152 846 3228 prelato
865 3156 967 3229 legato,
984 3155 1048 3226 qaia
1101 3154 1210 3223 cedens,
1226 3156 1261 3213 ab
1274 3169 1307 3213 eo
1321 3154 1398 3228 justa
1418 3155 1535 3212 termam
1548 3156 1669 3214 mandati
1684 3156 1769 3213 nostri
1789 3156 1895 3214 bened-

256 3243 333 3300 iocus
354 3243 413 3315 ipre
428 3247 462 3301 ad
485 3246 706 3317 jurisdictionem
732 3248 852 3305 bostium
882 3248 1048 3320 pertinebat,
1101 3247 1174 3304 cium
1190 3245 1368 3304 absolutionis
1394 3247 1528 3318 recipiat,
1544 3248 1609 3304 etei
1632 3248 1724 3305 taliter
1739 3247 1895 3304 satisfaciat

256 3333 405 3391 reisaitem
418 3337 510 3394 hostes
523 3347 602 3396 erant
616 3341 784 3412 potentiores
806 3341 834 3396 ιιι
856 3356 899 3408 eo,
928 3357 983 3398 nou
1012 3357 1048 3398 ex
1099 3355 1183 3411 super
1202 3340 1235 3396 iis
1245 3341 1272 3394 in
1287 3339 1386 3412 quibus
1399 3339 1570 3410 dignoscitur
1581 3337 1726 3397 ollendisse
1739 3340 1813 3410 qaod
1827 3355 1893 3395 eum

257 3429 447 3497 contumacia,
465 3429 515 3486 sed
542 3445 577 3487 ex
602 3432 769 3488 necessitate
794 3431 899 3503 potius,
922 3431 1050 3487 videlicet
1100 3417 1151 3488 sibi
1167 3432 1263 3488 reddat
1275 3429 1422 3503 propitium
1449 3440 1477 3488 et
1500 3431 1638 3503 placatum
1650 3472 1658 3498 ,
1671 3441 1700 3486 et
1715 3433 1772 3502 ipse
1788 3431 1895 3501 legatos

258 3531 451 3592 caasamctus,
464 3523 498 3579 ad
511 3523 629 3596 legatum
642 3525 729 3597 ipsum
758 3525 823 3582 illuc
839 3525 971 3582 accedere
993 3539 1047 3581 uon
1101 3523 1174 3582 sedis
1188 3523 1342 3593 apostoticae
1357 3531 1532 3579 contemnere
1546 3522 1659 3578 minime
1673 3521 1809 3578 rideatur.
1820 3521 1894 3591 Quo-

257 3619 404 3670 estausus.

293 3703 482 3763 Elllcelideut
496 3705 672 3782 llnssdeburgi
689 3711 873 3769 suaslitteras
893 3710 1048 3779 direxisset,
1102 3701 1198 3758 danaus
1221 3713 1249 3758 ct
1271 3703 1403 3759 districte
1432 3703 1604 3775 praecipimus
1628 3713 1763 3774 ιριιιιιιιιιι
1787 3703 1895 3761 litteras

258 3794 316 3867 ipse
331 3803 419 3852 tamen
431 3797 507 3868 prlus
521 3811 603 3869 quaro
618 3799 724 3858 litteras
747 3802 876 3872 aperiret,
890 3799 1049 3872 ilapdcbur-
1101 3801 1225 3859 etwas.
1238 3809 1306 3864 ‘llis
1327 3794 1377 3865 ῑιιῑ
1391 3793 1614 3865 bsgtcnurpcust
1633 3795 1789 3866 diffidimus,
1804 3795 1893 3850 eidem

258 3885 388 3959 censibus
398 3887 506 3946 clericis
521 3891 681 3948 convocatis
695 3892 729 3947 ad
750 3894 846 3950 sedem
870 3893 1048 3964 apostolicam
1101 3887 1204 3944 lueieus
1217 3902 1266 3957 per
1277 3897 1338 3944 tuos
1350 3889 1461 3944 nuntios
1472 3888 1641 3958 presentati,
1656 3887 1708 3943 nisi
1720 3897 1786 3942 dille
1801 3899 1894 3957 leceb-

258 3979 452 4051 appellarit,.et
465 3983 651 4052 postmodum,
664 3990 694 4039 ut
704 3980 824 4050 ciusdem
835 3982 917 4054 legati
931 3982 1051 4039 deterret
1102 3981 1201 4038 tionem
1221 3979 1371 4037 litterarum
1384 3987 1538 4036 nostrarum
1553 3981 1641 4050 ipsum
1653 3993 1702 4051 per
1715 3979 1890 4035 antedictam

257 4069 366 4140 honori,
387 4065 568 4131 litteras'suas
583 4073 769 4147 pelegianus
783 4074 905 4130 colentes
920 4073 979 4144 ejas
992 4074 1048 4129 tra·
1100 4072 1218 4139 legatum
1233 4071 1281 4129 tibi
1303 4070 1454 4128 constiterit
1465 4070 1620 4127 absolutum
1632 4111 1641 4136 ,
1655 4086 1718 4125 eum
1734 4069 1829 4126 tandiu
1844 4085 1894 4141 pu·

259 4165 380 4222 temitati
395 4162 513 4232 deicrre,
527 4163 592 4224 licet
603 4167 630 4222 iu
658 4166 745 4237 ipsum
761 4166 944 4237 potuissemus
958 4167 1050 4223 acrius
1101 4160 1171 4217 blice
1182 4161 1325 4218 denunties
1334 4162 1625 4219 escotumunicatiouis
1636 4161 1744 4218 vinculo
1756 4161 1894 4219 irretitum

1102 3613 1175 3668 eirca
1194 3612 1360 3669 fraternitati
1377 3622 1429 3669 tuae
1444 3626 1493 3683 per
1516 3612 1666 3683 apostoliea
1687 3613 1791 3682 scripta
1815 3627 1894 3668 mau-

259 4257 468 4314 inobedieutiam
483 4257 647 4328 vindicasse,
659 4259 748 4315 eidem
765 4258 905 4329 episcopo,
917 4257 983 4328 quia
1001 4273 1050 4314 no-
1100 4258 1127 4307 et
1138 4251 1172 4307 ιιι
1185 4251 1311 4308 omnibus
1324 4251 1465 4322 praecipias
1475 4253 1578 4310 arctius
1592 4253 1701 4318 evitari,
1712 4251 1894 4324 suffraganeis

257 4347 302 4405 bis
315 4348 348 4406 de
359 4349 418 4420 ejus
438 4348 721 4404 excommunicatione
745 4347 892 4403 ridebatur
906 4346 1050 4404 manilcstc
1100 4357 1208 4415 quoqne
1233 4343 1290 4400 suis
1314 4352 1342 4399 et
1363 4344 1425 4401 aliis
1448 4345 1473 4400 ci
1496 4345 1651 4401 dioecesana
1682 4344 1741 4415 iege
1761 4343 1893 4414 sabjectis

258 4446 401 4508 constare,
421 4441 469 4496 sed
494 4449 586 4496 utrum
610 4439 762 4510 appellatio}
784 4440 973 4509 precessisset
1000 4449 1048 4495 aut
1063 4454 1086 4512 ρ
1101 4435 1264 4492 auctoritate
1279 4445 1371 4492 nostra
1393 4436 1751 4494 subexcommunicatioois
1767 4437 1894 4493 intermi-

258 4532 343 4588 etiam
354 4531 450 4591 inisset
474 4531 594 4605 legitima
609 4547 664 4588 non
687 4532 840 4602 constabat,
859 4547 921 4589 curu
944 4541 1050 4604 etapo-
1100 4529 1363 4600 nationcprohibeas
1372 4530 1464 4586 nesibi
1476 4527 1537 4603 [sir]
1552 4530 1700 4586 exhibeant
1710 4530 1892 4587 reverentiam

257 4628 353 4686 stolica
367 4629 446 4686 sedes
465 4629 535 4687 tales
553 4632 636 4688 etiam
652 4630 796 4689 absolvere
813 4630 990 4688 consueverit
1014 4629 1049 4685 ad
1100 4620 1143 4676 tel
1154 4622 1297 4686 honorem,
1313 4621 1400 4677 doure
1416 4635 1464 4691 per
1477 4621 1579 4676 dictum
1594 4619 1713 4691 legatum
1724 4621 1892 4677 beneficium

259 4708 406 4791 cautelam,
418 4704 515 4780 litteris
533 4725 634 4782 nostris
655 4724 847 4780 mandavimus
861 4731 891 4779 ut
904 4723 976 4779 idem
990 4721 1050 4792 epi·
1100 4711 1281 4768 db⁵⁰l¹¹150¹l¹³
1294 4713 1408 4783 recipiat
1422 4753 1431 4780 s
1446 4711 1487 4768 '0¹
1502 4713 1536 4768 ld
1548 4721 1670 4768 ⁰⁰⁸²l³ffl
1690 4715 1805 4770 decidii
1822 4729 1893 4785 prae-

258 4829 357 4885 scopus
370 4813 411 4870 rel
425 4797 474 4884 per
496 4815 628 4887 seipsum,
643 4817 666 4873 si
687 4811 747 4885 cirus
771 4829 868 4872 secure
900 4829 931 4871 se
956 4823 1049 4884 posses
1100 4803 1215 4860 seutiam
1234 4801 1425 4860 absolvendus.
1440 4803 1564 4874 lnquiras
1586 4813 1720 4875 praterea
1741 4803 1893 4874 diiigenter

258 4902 414 4973 conspectui
438 4914 613 4976 presentare,
628 4905 671 4962 rel
693 4921 742 4977 per
758 4906 883 4979 nuntium
904 4904 1048 4976 providum
1100 4895 1124 4950 si
1143 4903 1284 4966 postquam
1301 4893 1406 4966 praelati
1429 4893 1518 4950 ιιιιιιιιι
1542 4894 1613 4951 sula
1635 4895 1781 4967 praesentia
1795 4903 1892 4952 trustra

257 5000 285 5048 et
297 4993 455 5060 decretum,
469 5003 576 5066 recepta
592 4994 668 5066 prius
680 4995 715 5052 ab
730 4996 790 5066 ipso
815 4995 888 5067 quod
913 4993 1049 5051 ,nandans
1100 5001 1161 5041 cum
1174 4984 1296 5056 praelatis
1317 4984 1418 5041 litteris
1431 4985 1583 5055 redieruut,
1604 4987 1778 5058 presumpsit
1798 4986 1891 5052 dirius

258 5083 361 5141 nostris
381 5099 466 5156 saper
480 5085 514 5142 iis
528 5101 578 5158 pro
604 5087 703 5158 quibus
720 5086 973 5144 excommunicatus
988 5095 1049 5141 erat
1099 5077 1187 5136 cilicia
1210 5078 1349 5137 celebrare
1373 5079 1415 5134 vel
1433 5079 1618 5136 ecclesiastica
1633 5080 1770 5137 conficere
1796 5095 1891 5138 saera·

257 5173 510 5247 peteretiuratoria
525 5178 664 5246 cautione,
676 5179 702 5235 ei
719 5177 885 5235 beucllcium
898 5176 1049 5234 absolutio·
1100 5180 1202 5239 menta;
1214 5179 1243 5228 et
1254 5171 1326 5242 quod
1339 5171 1488 5239 inveneris,
1505 5173 1559 5228 tuis
1569 5173 1648 5230 uobis
1659 5189 1713 5230 non
1724 5172 1839 5231 differas
1849 5173 1892 5230 ttt·

258 5269 302 5323 uis
324 5268 509 5339 impenderet,
534 5268 572 5324 ita
587 5277 678 5326 tamen
694 5271 819 5341 quodsi,
839 5278 904 5342 posi
925 5268 1047 5341 appella·
1100 5264 1167 5321 teris
1181 5263 1316 5329 inimare,
1331 5273 1361 5320 ut
1371 5263 1394 5320 si
1410 5263 1498 5336 ipsum
1518 5265 1673 5321 eonstiterit
1688 5275 1783 5322 curura
1800 5267 1885 5324 eccle

259 5361 362 5420 tionem
390 5362 424 5418 ιιι
452 5376 505 5419 uros
535 5362 656 5436 legitime
679 5362 868 5435 interpositam
895 5361 1046 5418 autetiam
1099 5357 1238 5412 siasticam
1250 5356 1421 5428 disciplinam
1436 5369 1463 5414 et
1476 5357 1568 5415 clares
1587 5357 1715 5416 Ecclesiae
1726 5367 1889 5426 attentasse,

258 5455 326 5511 alias
345 5455 434 5511 minus
449 5454 539 5526 jaste,
562 5454 634 5527 qaod
650 5464 741 5512 tantm
757 5455 804 5512 rix
829 5454 982 5521 credimus,
1001 5469 1047 5508 ex·
1098 5449 1338 5520 presumptionem
1359 5466 1437 5506 suam
1450 5452 1688 5509 animadversione
1702 5449 1796 5508 debita
1806 5451 1891 5508 easti-

258 5545 488 5602 communicatum
516 5544 607 5619 ipsum
630 5543 716 5605 inisse
747 5553 899 5615 constaret,
916 5545 943 5602 ei
970 5560 1049 5600 mau-
1099 5554 1204 5612 geraus,
1216 5540 1363 5597 etdcvultu
1378 5544 1606 5613 rrostroJ'udicium
1615 5545 1728 5617 prodeat
1738 5542 1888 5616 equitatis·

259 5636 354 5691 datum
366 5650 420 5693 non
437 5637 530 5706 lieret,
541 5651 604 5694 eum
629 5637 718 5710 ipsum
736 5639 873 5697 nollemus
902 5635 1049 5695 occasione
1134 5634 1243 5704 batum,
1257 5642 1286 5689 ut
1298 5651 1388 5704 supra.
1620 5710 1623 5718 ,

259 5722 413 5798 huiusmodi
442 5743 574 5802 pravare,
604 5726 726 5803 alioquin
754 5746 837 5805 ιιιροι·
869 5729 994 5790 iaciendo
1008 5727 1047 5806 'ei
1108 5797 1111 5804 Ι
1136 5725 1270 5797 Scriptum
1283 5735 1320 5784 ιιι
1336 5727 1387 5798 ipsi
1408 5728 1602 5801 archiepiscopo
1619 5745 1697 5800 super
1710 5727 1775 5782 loos.
