4109 6325
227 243 286 302 ‘ote
680 244 875 303 innocentii
892 244 927 302 tit
945 244 998 303 PP.
1017 246 1255 310 ssesstondtt
1272 253 1336 311 itit.
1357 253 1416 311 at.
1817 267 1872 325 620

234 362 285 419 tibi
300 362 548 418 recommandatam
570 374 630 415 esse
646 358 771 417 volumus
796 370 825 418 et
852 362 1023 428 mandamus,
1039 360 1064 419 Α
1077 366 1206 434 statuisti,
1218 368 1282 440 arria
1294 384 1346 427 non
1357 368 1515 427 vititbomo
1524 368 1574 428 sub
1582 370 1651 429 eoelo
1661 372 1707 445 ijtri
1721 374 1869 447 aliquando

232 455 424 511 miserationem
442 460 516 508 tuam
531 451 902 508 monentesctobseerantes
923 453 949 508 in
972 453 1024 510 ito·
1076 473 1130 512 nrsn
1143 462 1267 517 excedat.

229 548 306 604 mitro
317 556 452 619 quatenus
467 546 493 599 in
507 543 652 600 consilium
665 554 693 601 et
703 558 869 601 eonsensum
893 545 1024 615 iniquita·
1110 547 1207 605 Datum
1219 550 1360 619 Laterani,
1372 570 1387 608 r
1397 554 1460 610 idus
1473 553 1566 624 iunii,
1584 554 1761 623 pontificatus
1778 561 1867 619 nostri

231 642 266 695 tis
281 655 334 696 non
351 638 441 693 tertiat
464 636 579 692 alterius
607 637 698 691 anitsta
716 644 772 703 tua,
797 651 847 692 nec
869 637 1022 707 permittas,
1074 642 1250 712 annoquinto
1270 643 1387 702 decimo:

228 726 548 798 onaotomtnteiuerit,
571 728 659 797 ipsam
686 741 777 799 regem
806 726 882 783 salsis
905 728 1023 783 circum·
1434 733 1502 792 (lix.

230 821 315 878 veniri
339 820 511 884 eornrnentis,
531 818 612 889 eique
626 828 722 875 eontra
749 818 835 890 ipsius
864 818 1022 877 salutemet
1136 839 1370 882 tnrtssrooorrsnsr
1394 842 1431 882 ar
1451 842 1646 885 tarantasmum
1664 842 1807 887 trasconis.

142 899 149 917 '
232 924 306 969 tuam
320 912 469 967 meantium
496 912 634 967 bominem
654 911 762 984 plaeere
783 927 836 968 non
853 928 971 984 quares,
987 928 1022 971 ne
1368 917 1564 989 sopereoden.

226 1004 316 1075 ipsum
337 1003 394 1059 beo
416 1002 501 1059 iacias
523 1003 677 1073 displicere,
702 1002 848 1075 diligenter
876 1004 1020 1061 attendens
1281 1009 1431 1082 (Laterani,
1450 1011 1649 1085 ridusiunii.)

225 1096 382 1169 ottodjnxta
396 1098 559 1153 sententiam
572 1096 695 1153 veritatis
710 1096 779 1151 nibil
795 1096 1019 1167 pnrdestbomini
1106 1098 1345 1171 Lieetprocessum
1358 1101 1555 1172 archiepiscopi
1568 1103 1736 1162 senonensis
1747 1116 1862 1179 propter·

225 1190 249 1245 si
283 1188 415 1245 murrdurn
442 1189 597 1245 unitersum
622 1187 760 1257 lucretur,
779 1196 806 1244 et
826 1188 1018 1245 detrimentum
1069 1192 1193 1247 ordinem
1207 1206 1260 1248 non
1283 1202 1423 1249 serratum
1444 1193 1789 1268 duxerimusirritandum
1807 1198 1863 1259 lra-

123 1299 128 1312 ·
224 1280 324 1336 animae
347 1282 479 1351 patiatur,
495 1283 620 1338 eumdem
643 1294 746 1353 regent,
769 1294 850 1351 qttem
869 1280 1016 1346 sincerum,
1070 1282 1192 1338 ternitati
1206 1292 1296 1340 tamen
1309 1293 1405 1341 restrae
1425 1286 1593 1342 consulimus
1610 1288 1681 1343 bona
1697 1288 1750 1345 lale
1766 1303 1862 1362 otrate-

219 1386 358 1446 squamam
375 1377 401 1431 in
424 1376 482 1445 ipso
497 1384 550 1442 est,
569 1375 691 1431 animum
712 1375 815 1433 lrabore
835 1375 972 1431 credimus
991 1382 1018 1431 et
1068 1387 1121 1427 nus
1137 1388 1198 1428 cuns
1211 1373 1374 1431 citatissimo
1391 1374 1419 1430 in
1437 1375 1548 1433 Cisristo
1559 1376 1615 1433 lilio
1630 1379 1861 1453 nostronilippo

217 1470 361 1537 devotum,
378 1464 881 1539 placarcstndeaaetinbonoiuvere;
896 1465 1015 1537 itanuod
1068 1478 1132 1534 rege
1155 1463 1324 1521 Francorum
1350 1466 1449 1523 illustri
1474 1478 1578 1539 quanto
1603 1469 1702 1525 melius
1731 1475 1859 1542 poteritis

223 1564 344 1619 divinam
356 1571 383 1619 et
398 1561 699 1633 apostolieamgratiam
712 1561 890 1633 propterboe
905 1561 1017 1617 uberius
1067 1568 1233 1626 componere
1255 1557 1405 1624 studeatis;
1434 1560 1563 1629 quoniam
1585 1574 1667 1615 areos
1688 1561 1734 1632 qtti
1751 1578 1860 1634 semper

223 1654 366 1720 merearis,
394 1669 444 1726 pro
467 1661 542 1708 certo
568 1667 738 1722 cognoscens
763 1655 835 1723 qaod
860 1653 883 1709 si
901 1661 926 1708 te
937 1651 1014 1722 jorna
1067 1656 1109 1703 est
1123 1658 1225 1715 tensam,
1239 1650 1311 1707 uires
1325 1651 1444 1717 amittit,
1458 1651 1510 1707 nisi
1527 1651 1674 1723 aliquoties
1684 1655 1858 1723 extendatur,

221 1745 292 1801 latas
305 1744 390 1815 ipsios
400 1756 468 1800 ‘sarto
484 1752 512 1799 et
528 1743 631 1800 salubri
642 1743 924 1801 noverimuscoosilio
943 1744 1014 1799 inni·
1067 1749 1094 1793 et
1106 1754 1300 1811 nonrtuoouarn
1320 1757 1398 1814 reges
1411 1751 1438 1797 et
1450 1742 1589 1813 pritte‘pes
1604 1744 1701 1801 melius
1711 1746 1860 1802 tincnntnr

223 1846 335 1905 renotem,
352 1836 386 1892 ad
400 1836 531 1893 lionorem
553 1844 582 1893 et
602 1837 757 1907 proiectum
775 1845 850 1893 tuum
869 1836 1014 1893 edieoeiter
1070 1832 1278 1887 mansuetudine
1303 1849 1385 1904 qttanr
1410 1833 1511 1905 rigore.
1526 1832 1581 1891 Nos
1603 1836 1676 1891 enim
1700 1837 1858 1897 mediatoris

219 1928 403 1995 intendamus,
427 1944 489 1984 gum
507 1937 549 1996 te,
566 1930 642 2000 quasi
668 1930 755 1986 virum
771 1930 938 2001 religiosum,
959 1945 1012 1985 ῃοῃ
1066 1919 1321 1992 stillgelllesofficlo,
1338 1924 1562 1992 sicutiilum,sie
1580 1935 1609 1981 et
1634 1942 1681 1981 tes
1707 1930 1858 1987 monillsel

220 2033 328 2087 setttper
341 2026 465 2089 oporteat
480 2018 657 2075 saectrlaribus
669 2019 785 2090 negotiis
800 2018 945 2090 implicari.
1063 2010 1296 2067 exhortationibus
1309 2012 1342 2067 ati
1355 2013 1526 2069 atttieabilettt
1538 2014 1853 2075 debemusconeotdiatn

256 2108 353 2163 Datttm
369 2106 507 2174 Laterani,
525 2109 614 2165 oldus
631 2107 714 2175 initii,
731 2108 904 2179 pontificatus
926 2110 1010 2166 nostri
1063 2102 1189 2168 inritare,
1208 2118 1289 2172 qttam
1304 2104 1415 2177 utrique
1424 2108 1495 2175 parti
1507 2106 1644 2163 eredimus
1656 2109 1799 2179 expedire,

218 2218 290 2260 ΜΟ
304 2202 411 2260 decim
421 2201 530 2272 quium·
1097 2193 1195 2249 ”amm
1213 2193 1350 2265 Lamalle
1363 2214 1379 2254 V
1392 2197 1545 2266 lunisiana,
1566 2199 1742 2271 pontificatus
1766 2204 1855 2259 nostri

568 2315 657 2373 carp,
862 2348 863 2351 ,
1061 2299 1133 2341 anno
1145 2284 1370 2357 decimoquinto.
1435 2290 1438 2296 '

328 2420 462 2463 'austreno
480 2421 606 2462 sttusrnr
628 2422 689 2462 neor
712 2420 881 2462 rntnconotr.
1427 2382 1484 2439 α·

219 2495 369 2567 Denegotio
383 2500 564 2566 episcoporum
575 2497 774 2551 Aurelianensis
793 2504 818 2550 et
844 2494 1008 2551 elatissimis·
1060 2484 1194 2528 ”³¹⁰ffl‘9'
1211 2488 1247 2528 ”T
1261 2486 1471 2530 ⁶⁰³⁵ffiffi⁸⁸¹
1492 2488 1638 2543 ⁸⁹¹⁵⁰⁰P¹⁵r
1653 2490 1689 2531 ΕΤ
1707 2491 1804 2535 mill
1817 2495 1852 2535 θ’·

563 2582 657 2622 renem.
1385 2582 1522 2623 nauseam.

424 2658 571 2731 (Laterani,
593 2674 608 2714 v
624 2658 687 2715 idus
703 2658 798 2731 thrtii.)
1058 2656 1098 2711 ile
1109 2658 1271 2713 removendis
1286 2657 1407 2729 episeopo
1422 2669 1447 2714 et
1459 2660 1548 2729 priore
1563 2659 1689 2717 Ecclesiae
1704 2660 1851 2734 Sapientis.

250 2748 308 2819 titi)
321 2750 358 2803 be
374 2749 518 2817 prudentia
542 2746 708 2805 Senonensis
734 2750 932 2823 archiepiscopi
952 2766 1006 2807 non
1263 2749 1413 2819 (Laterani,
1435 2749 1641 2821 nicostrati.)

211 2855 356 2911 pessunrus
368 2854 420 2895 oon
432 2840 539 2906 irrisuri,
554 2840 601 2921 qui
616 2850 676 2911 post
690 2842 899 2913 appellationem
910 2846 943 2900 ad
956 2860 1006 2902 nos
1092 2839 1194 2899 Contra
1215 2843 1359 2914 presulem
1371 2855 1399 2898 et
1416 2843 1536 2914 priorem
1559 2844 1686 2901 Ecclesia
1708 2845 1851 2918 sagiensis

211 2930 331 3002 legitime
359 2928 574 2999 interpositam,
597 2938 625 2985 et
648 2940 745 2987 eotttra
772 2931 859 2987 nostri
887 2930 1004 2990 lornram
1057 2938 1137 2989 tolet
1155 2940 1230 2989 ta'nta
1246 2935 1435 2993 euntauribus
1458 2937 1560 2993 nostris
1574 2938 1849 2997 enortniaineulcata

210 3021 344 3087 mandati,
355 3036 485 3090 peruerse
512 3020 646 3092 processit
660 3022 687 3077 in
703 3038 783 3081 eausa
795 3041 876 3095 qoam
887 3026 921 3082 ad
936 3026 1042 3125 peti·C
1058 3033 1089 3078 ut
1106 3022 1285 3081 ulteriusnon
1308 3026 1445 3097 possimus
1465 3027 1637 3084 dissimulare
1653 3028 1786 3087 clarnores
1800 3032 1849 3103 qul

210 3114 313 3171 tionem
325 3122 397 3169 tuam
409 3112 461 3170 sibi
472 3111 598 3170 duximus
613 3114 847 3186 committendam,
864 3132 945 3189 super
959 3133 1003 3174 re·
1057 3115 1091 3171 ad
1107 3129 1157 3172 nos
1172 3116 1273 3173 desuis
1289 3118 1427 3189 perversis
1441 3120 1548 3176 actibus
1566 3131 1762 3192 peruenerunt,
1783 3138 1847 3180 com

209 3206 326 3261 laxanda
353 3204 486 3260 sententia
514 3203 653 3261 interdicti
665 3206 737 3278 quod
762 3207 788 3261 io
807 3217 908 3264 terram
931 3218 1003 3264 nram
1055 3222 1109 3264 non
1121 3206 1208 3262 solum
1220 3207 1341 3274 inutiles,
1357 3223 1452 3265 ueruto
1470 3209 1552 3266 etiarn
1571 3211 1721 3282 perniciosi
1736 3214 1848 3270 essedi-

210 3289 382 3353 rcncrabile's
395 3294 496 3352 iratres
515 3297 600 3351 nostri
609 3285 858 3354 'Autissiodorensis
872 3308 899 3354 et
915 3300 1003 3356 dure·
1055 3309 1163 3354 eatrtur.
1174 3299 1215 3355 Ne
1224 3301 1307 3372 igitur
1320 3303 1431 3374 sanguis
1444 3318 1540 3359 eorum
1553 3304 1587 3360 de
1606 3305 1709 3362 nostris
1722 3307 1847 3363 mammas

203 3390 340 3447 'lianensis
354 3389 475 3461 episcopi
489 3389 673 3460 protulerunt,
698 3389 721 3444 si
744 3391 824 3447 tueis
836 3389 905 3446 illud
920 3390 1001 3448 oller-
1054 3392 1210 3460 reqniratnr
1220 3393 1244 3448 si
1258 3408 1307 3451 eos
1321 3396 1349 3450 in
1374 3394 1432 3451 suis
1443 3396 1603 3452 duxerimus
1617 3397 1845 3469 perversitatibus

207 3498 253 3539 res
271 3482 426 3554 qnodesset
450 3483 549 3538 merito
578 3481 791 3551 acceptandum,
819 3483 926 3540 etlieet
951 3485 1001 3557 ipsi
1055 3483 1219 3548 tolerandos,
1234 3486 1392 3544 discretioni
1405 3497 1503 3543 vestrm
1519 3489 1728 3560 parapostoliea
1742 3490 1845 3558 scripta

205 3574 366 3644 jusserimus
387 3583 427 3640 ut,
442 3575 464 3630 si
486 3573 545 3629 lteri
569 3581 672 3644 posset,
695 3575 846 3645 postposito
872 3578 1000 3646 atriisque
1052 3574 1232 3644 precipiendo
1245 3577 1405 3634 prendamus
1424 3587 1560 3648 quatenus
1585 3580 1716 3651 ioqtrisita
1738 3579 1845 3651 plenius

204 3664 306 3734 jndicio
333 3665 368 3722 ad
387 3664 559 3722 amicabilem
583 3666 808 3735 compositionem
834 3666 998 3733 intenderet,
1051 3673 1079 3718 et
1093 3665 1202 3735 cognita
1216 3669 1339 3732 raritate,
1359 3667 1382 3723 si
1396 3669 1746 3739 taleseosessenoreritis,
1761 3672 1845 3727 esuis

204 3760 264 3830 ipse
288 3766 388 3825 tamem
417 3756 527 3813 turbato
552 3756 662 3829 negotio
683 3759 775 3828 potius
790 3773 872 3829 quam
887 3758 998 3826 sedato,
1051 3771 1099 3814 eos
1113 3763 1277 3818 removeatis
1289 3760 1396 3829 elliciis,
1412 3774 1441 3820 et
1451 3763 1494 3820 eis
1509 3766 1584 3821 siros
1607 3764 1717 3822 lactatis
1731 3768 1844 3823 titaneos

204 3863 255 3906 nec
283 3849 508 3920 compositionem
532 3848 624 3906 iacere
648 3849 752 3905 studuit
787 3864 837 3907 nee
865 3850 997 3922 judicium
1049 3849 1293 3922 subrogandum
1312 3853 1335 3908 si
1361 3868 1415 3909 raon
1438 3865 1623 3922 omnes,etc.,
1644 3857 1698 3912 duo
1722 3869 1843 3913 restrum

203 3939 434 3998 exercerebnde
454 3940 507 3996 nisi
521 3949 575 3997 tuae
588 3941 768 3999 voluissemus
792 3944 935 4000 serenitati
951 3946 997 4001 de·
1048 3942 1156 3998 sublato
1177 3945 1321 4015 eoirtsiibet
1343 3947 1570 4004 contradictionis
1600 3957 1629 4002 et
1650 3947 1842 4018 appellationis

203 4031 289 4099 lerna,
306 4031 397 4087 taliter
408 4047 470 4089 curn
495 4033 635 4104 corripere
654 4048 830 4092 curassemus
847 4035 919 4105 quod
937 4036 997 4106 ejns
1047 4032 1187 4090 obstaculo
1201 4047 1393 4106 exsequantur.

201 4121 328 4194 prolecto
339 4138 393 4180 non
409 4124 588 4181 remansisset
600 4124 750 4195 impunitus
761 4139 902 4183 excessus.
919 4126 996 4191 Quod
1085 4124 1178 4180 barum
1191 4124 1329 4191 Laterani,
1345 4128 1437 4183 aldus
1454 4127 1539 4196 lami,
1560 4127 1736 4198 pontilicatus
1751 4128 1837 4185 nostri

201 4216 338 4288 igiturest
352 4216 386 4273 ab
408 4231 441 4273 eo
462 4217 615 4274 inordinate
629 4226 822 4288 praesumptum
837 4233 891 4274 non
905 4218 995 4288 potni-
1047 4227 1119 4269 antro
1132 4215 1237 4270 tleeitno
1251 4217 1356 4285 spartiano.

203 4324 266 4366 snus
280 4309 455 4375 condrmare,
467 4324 528 4366 cum
542 4309 602 4380 ipso
612 4308 675 4379 iure
687 4311 722 4366 sit
735 4311 842 4367 irritum
858 4319 885 4368 et
901 4311 992 4380 inarte;
1410 4309 1477 4365 CXl.

202 4404 260 4471 sed,
279 4401 350 4459 sicut
367 4402 556 4460 celsitudinem
580 4412 654 4460 tuam
669 4416 740 4474 sape
762 4404 930 4475 rogavimus,
954 4406 991 4462 ita
1010 4411 1184 4471 petasatus
1206 4415 1306 4456 sesam
1328 4417 1490 4457 sostsresu
1513 4418 1606 4458 sanast
1626 4417 1706 4458 rerer
1724 4418 1838 4460 ramuo-

199 4511 274 4553 nane
292 4511 400 4567 quoque
421 4512 557 4570 rogamus,
583 4511 633 4568 pro
653 4512 753 4569 magno
768 4500 841 4554 dorso
862 4508 993 4569 >petentes
1082 4505 1316 4558 crassissimam
1331 4509 1480 4552 ratramus
1495 4510 1551 4551 rtrt
1568 4511 1837 4560 rasssnrrsosootu

199 4597 335 4659 montanus
358 4604 452 4661 pacem
477 4588 604 4645 Ecclesia}
620 4590 646 4644 tn
664 4599 709 4646 ιιιο
734 4605 817 4661 regno
834 4605 991 4658 conserves,
1080 4599 1194 4640 saronas
1207 4599 1366 4642 assanensis
1381 4602 1464 4642 strae
1479 4603 1617 4643 rnorsssts
1629 4604 1655 4643 tn
1666 4603 1835 4646 rsnraroutt.

197 4681 251 4737 boe
266 4680 383 4736 manitne
398 4690 519 4750 temporo
534 4695 588 4751 quo
602 4680 660 4751 ipsa
675 4680 702 4736 in
723 4680 784 4736 aliis
795 4681 887 4737 multis
901 4684 992 4753 regnis
1202 4677 1241 4733 De
1251 4679 1451 4746 confirmations
1461 4679 1671 4748 privilegiorum.

197 4774 311 4830 nimium
324 4774 512 4845 perturbator,
533 4773 569 4829 ita
582 4777 655 4845 quod
669 4775 751 4831 dictis
763 4774 900 4844 episcopis
915 4774 992 4830 resti·
1240 4771 1387 4844 (Laterum,
1395 4788 1445 4829 vrrs
1454 4771 1518 4828 idos
1526 4767 1624 4843 iunii.)

197 4867 274 4932 tntis,
288 4875 316 4924 et
334 4866 471 4923 interdicti
486 4867 620 4922 senterrtia
632 4866 766 4935 relaxata,
781 4866 832 4922 nisi
849 4867 902 4922 ltoe
912 4865 992 4921 nobis
1078 4862 1211 4930 Quoniam
1224 4878 1258 4918 ex
1273 4864 1420 4920 commisso
1432 4865 1510 4924 nobis
1520 4864 1650 4920 dirissitus
1663 4863 1831 4933 apostolatus

196 4956 263 5013 velis
283 4972 318 5014 ex
334 4965 390 5014 toto
402 4957 516 5024 dertare,
540 4958 566 5012 in
591 4959 669 5015 ouria
695 4967 741 5014 tua
760 4956 793 5014 de
808 4957 868 5026 ipso
882 4957 990 5028 negotio
1041 4952 1129 5011 allicio
1142 4965 1197 5010 tarn
1214 4954 1311 5010 vicistis
1330 4954 1472 5010 existimus
1487 4970 1570 5025 quant
1581 4953 1660 5024 longa
1675 4955 1772 5023 positis
1786 4954 1835 5009 ‹ie-

197 5048 347 5104 secandum
368 5049 544 5119 approbatam
565 5051 990 5121 consuetudinemcognoscatur
1041 5046 1158 5112 bitures,
1189 5046 1256 5102 siris
1281 5047 1390 5117 qtridcm
1416 5047 1553 5118 religiosis
1587 5056 1662 5102 turno
1687 5046 1834 5117 specialius

195 5141 269 5212 tid);
291 5156 407 5212 eumqtre
424 5140 484 5200 aliis
507 5151 633 5214 oporteat
655 5151 682 5198 te
707 5141 849 5198 intendere
873 5155 933 5210 quae
955 5141 989 5196 ad
1041 5139 1198 5196 edessenos
1212 5141 1342 5198 eorsrenit
1361 5151 1464 5211 qrramo
1486 5139 1537 5211 ipsi
1553 5138 1649 5207 ntajori
1673 5138 1834 5194 desiderant

195 5242 272 5288 tunm
299 5234 387 5306 magis
415 5234 564 5306 respiciunt
590 5234 762 5292 commodum
788 5244 817 5291 et
843 5235 986 5302 litatorem,
1040 5231 1131 5302 qttiete
1144 5233 1277 5302 potiri,{et
1288 5231 1526 5304 apostolicaesedis
1537 5230 1664 5301 prasidio
1679 5239 1833 5286 noscuntur

195 5324 322 5394 expedias
340 5326 411 5383 teab
423 5326 555 5399 istisque
572 5329 708 5384 modicum
733 5327 783 5383 tibi
802 5325 919 5383 adamant
931 5323 987 5381 nti-
1039 5323 1144 5393 plenius
1160 5324 1293 5396 indigere.
1310 5325 1469 5396 Eapropter,
1487 5324 1579 5380 dilecti
1598 5323 1625 5377 in
1639 5321 1756 5379 Domino
1771 5321 1831 5390 lilii,

195 5416 317 5475 ritatlset
330 5418 429 5485 laudis,
443 5434 494 5476 nee
520 5418 681 5488 injuriosum
698 5430 818 5490 reputes.
835 5419 881 5474 sed
897 5417 987 5489 potius
1039 5416 1138 5472 nestris
1153 5416 1234 5485 justis
1255 5416 1488 5490 postulationibus
1500 5416 1651 5472 clementer
1668 5416 1831 5482 annuimus,

196 5509 353 5586 gloriosam,
381 5511 531 5582 prudenter
545 5515 684 5584 corrigere
707 5512 730 5568 si
748 5513 813 5583 quid
836 5512 987 5582 improuide
1038 5519 1066 5566 et
1076 5508 1217 5580 praelatum
1232 5510 1428 5567 monasterium
1444 5509 1539 5566 Sancti
1554 5507 1628 5566 Pctri
1640 5507 1830 5566 Psalmodien·

229 5689 288 5764 (78)
304 5687 372 5748 Vide
387 5703 470 5760 supra
483 5689 563 5761 epist.
576 5690 621 5759 59,
635 5701 663 5748 et
675 5688 746 5747 inira
762 5691 841 5762 epist.
869 5690 930 5746 inb.
1073 5686 1129 5760 tle)
1148 5688 1216 5744 Vide
1234 5688 1282 5744 lib.
1298 5703 1354 5758 tttt,
1369 5687 1447 5757 epist.
1469 5687 1532 5743 tta.
