4109 6325
282 276 313 333 ιι
735 269 931 330 ΙΝΝΟΕΕΝΤΙΙ
948 268 979 327 ΙΙΙ
999 265 1050 325 Pil.
1062 268 1307 346 caremtenam
1326 271 1390 330 Llll.
1412 270 1466 333 xtt.
1887 282 1919 337 ιι

277 389 498 447 conditionaliter
521 388 687 460 injunximus
710 387 922 459 procedendum,
947 360 1110 446 atttett'aet'a
1123 349 1233 460 armoire
1245 404 1276 444 ac
1291 389 1391 461 populo
1404 388 1567 461 supradictis
1590 388 1672 445 sinrili
1698 390 1779 447 orode
1795 391 1918 453 inlribero

279 485 329 541 nisi
346 483 430 541 abbas
444 492 633 539 etcontentns
658 478 819 536 rationabile
844 479 947 551 aliquid
971 477 1085 548 objice-

277 586 340 631 rent
352 584 379 630 et
390 577 535 646 probarent
550 584 598 643 per
612 572 683 642 qttod
698 572 738 627 cis
760 572 908 627 monachos
931 570 1071 627 canonicis

277 668 442 724 srrlrstitncre
455 666 583 721 licuisset.
601 664 664 731 Qtti,
678 664 700 719 si
712 662 826 719 forsitan
838 663 982 719 occasione
998 662 1072 731 ipsa·

276 780 336 821 rnna
353 762 453 833 aliquid
469 760 659 825 immutarunt,
676 758 783 815 subiato
798 755 941 828 cujuslibet
965 763 1071 810 contra·

276 855 402 929 dictionis
415 862 442 909 et
456 851 644 924 appellationis
665 849 818 916 obstaculo,
843 848 949 904 illudio
967 856 1070 903 statum

274 947 417 1017 pristinum
435 948 583 1009 revocetis3
605 942 830 1007 catttradictnres,
847 940 868 995 si
885 938 930 1011 qui
956 937 1071 1004 fnerint,

273 1038 315 1092 rol
342 1036 457 1093 tobalias
482 1050 696 1105 percensuram
722 1032 934 1089 ecelesiasticam
952 1030 1071 1101 appella·

275 1130 347 1186 tione
365 1130 513 1200 postposita
533 1134 748 1199 cornpescentes,
762 1125 798 1179 ita
822 1124 894 1195 qnod
917 1123 1005 1179 eidem
1024 1136 1070 1177 ec·

274 1224 364 1279 etesia
375 1221 542 1292 faciatisper
552 1220 702 1275 monacltos
714 1230 833 1288 congrue
842 1213 982 1271 deserviri.
993 1212 1070 1280 Quod

274 1314 298 1370 si
311 1328 416 1383 omnies,
429 1313 547 1369 cledon
562 1322 693 1378 vestrum,
707 1318 760 1365 etc.

311 1407 406 1461 Datum
422 1404 547 1461 Laterani
563 1420 589 1459 ιι
603 1403 662 1459 ttat.
680 1402 780 1467 linrtii,
796 1398 971 1469 pontificatus
983 1400 1069 1493 nostri

216 1542 225 1553 .
275 1512 346 1555 antra
361 1496 531 1553 duodecimo.

654 1584 687 1640 ll.

1125 480 1227 550 cttretis
1255 497 1289 536 ue
1314 492 1411 537 cotttra
1443 482 1635 537 inhibitionem
1660 484 1848 554 praescriptam
1871 496 1917 542 aot

1123 569 1295 640 culpabiliter
1315 575 1365 645 ipsi
1380 575 1506 639 ueniant,
1522 584 1569 629 aut
1583 578 1741 647 peregrinos
1756 577 1814 647 jam
1830 581 1919 638 dictos

1122 661 1314 718 damnabiliter
1338 666 1430 721 uenire
1455 666 1627 736 compellant.
1654 670 1732 735 Quod
1745 670 1768 725 si
1783 686 1838 728 tton
1859 688 1916 729 otn-

1122 763 1260 818 nes,etc.,
1276 754 1346 810 alter
1362 766 1483 812 teatrum
1497 774 1530 813 ca
1544 752 1721 815 nibilominus
1736 771 1913 831 exsequatur.

1159 844 1255 899 batum
1279 846 1408 902 Laterani
1433 863 1465 903 ιιι
1491 848 1605 905 llalend.
1628 848 1728 917 llartii,
1742 853 1914 921 pontificatus

1123 938 1211 994 nostri
1224 953 1296 993 struo
1310 940 1480 997 duodecimo.

1499 1034 1542 1089 lll.

1119 1141 1241 1183 masters
1260 1144 1295 1182 trs
1314 1143 1402 1185 sttcts
1423 1142 1579 1185 massonus
1599 1145 1626 1183 rs
1644 1145 1759 1186 casatos
1784 1146 1915 1190 ctrtrsrs

1367 1238 1461 1278 cnarts
1477 1237 1658 1279 sontnrrons.

1350 1316 1390 1371 Dc
1410 1316 1499 1372 codem
1517 1326 1683 1387 argomento.

1321 1417 1461 1487 (Laterani
1480 1432 1498 1472 tt
1519 1416 1581 1471 lial.
1599 1415 1713 1486 blumii.)

1154 1509 1238 1582 Angit
1252 1523 1301 1566 nos
1321 1524 1386 1565 cura
1405 1506 1596 1565 sollicitudinis
1618 1508 1773 1578 pastoralis,
1794 1519 1861 1579 ete,
1886 1521 1915 1567 st

1119 1604 1146 1658 in
1157 1604 1212 1658 olio
1224 1619 1305 1671 osque
1320 1602 1347 1657 in
1361 1600 1530 1658 contrariom
1542 1601 1599 1670 spei
1613 1610 1725 1664 nostra,
1742 1617 1790 1658 ros
1809 1612 1837 1657 et
1847 1620 1916 1660 non·

308 1702 485 1745 rarntsncurt
505 1700 678 1751 tootteottrtst
698 1700 733 1740 er
753 1697 878 1739 srtscoro
897 1694 1028 1737 renarro.
1118 1695 1208 1749 nonos
1221 1694 1290 1749 alios
1302 1691 1473 1763 peregrinos,
1488 1699 1554 1758 etc,
1580 1702 1608 1745 nt
1629 1710 1910 1765 suproosqsepeoep.

361 1780 400 1834 Dc
419 1778 501 1833 libera
514 1774 723 1847 peregrinatione
739 1774 774 1828 oti
794 1773 853 1827 locu
872 1782 975 1829 sancta.

467 1868 604 1941 (Laterani
625 1882 654 1921 ιιι
674 1866 733 1923 ΚιΙ.
758 1866 872 1933 llartii.)

308 1966 347 2039 (l)
361 1964 441 2035 Angit
457 1978 506 2018 nos
524 1978 588 2017 cura
605 1959 796 2016 sollicitudinis
820 1958 965 2028 pastoralis
980 1966 1009 2012 ιιι
1025 1955 1067 2011 di·

272 2062 356 2116 lcctos
378 2056 447 2113 ftlios
472 2054 568 2109 ducent
592 2068 624 2107 ac
648 2052 776 2123 populum
802 2050 969 2106 Venetorum
985 2050 1019 2103 ab
1034 2048 1067 2103 iis

1080 1762 1104 1822 B
1120 1797 1179 1842 tum
1192 1787 1326 1842 redundet
1340 1785 1471 1848 illorum,
1492 1784 1695 1841 uenerabilibus
1711 1787 1844 1843 fratribus
1866 1806 1914 1845 no·

1118 1880 1183 1937 stris
1208 1878 1373 1949 patriarche
1395 1875 1571 1948 equilegensi
1591 1886 1619 1934 et
1641 1878 1768 1948 episcopo
1785 1880 1915 1937 Padoano

1118 1970 1242 2027 declinans
1264 1972 1291 2024 in
1318 1968 1463 2039 preceptis
1485 1976 1516 2022 ot
1532 1968 1621 2023 dictos
1635 1968 1731 2023 ducem
1746 1970 1912 2040 etpopnlnm

1118 2059 1267 2115 efficaciter
1282 2064 1412 2112 moueant
1425 2066 1454 2111 et
1467 2056 1596 2113 inducant
1607 2064 1637 2111 ul
1650 2056 1684 2111 de
1703 2067 1802 2113 caetero
1815 2059 1850 2113 ab
1863 2058 1915 2112 ltu·

271 2166 331 2223 grum
344 2148 442 2205 fantum
457 2145 590 2203 offuscant
603 2153 630 2199 et
644 2143 760 2198 salntem
783 2142 935 2213 impediunt
949 2140 1066 2196 sollicite
1114 2150 1231 2219 jusmodi
1256 2148 1437 2212 abstinentes,
1455 2158 1522 2213 ete,
1551 2156 1581 2202 ot
1598 2149 1626 2201 in
1647 2148 1703 2204 olio
1724 2150 1911 2221 osque-venire

272 2255 441 2299 revocemus.
468 2236 605 2305 anntom
628 2234 701 2289 enim
723 2232 825 2288 dudum
842 2230 1006 2286 oliendcrint
1021 2232 1067 2285 ab·

271 2332 393 2389 (lucendo
406 2330 564 2402 peregrinos
582 2324 775 2382 damnabiliter
788 2332 815 2380 ot
828 2323 961 2379 damnose
972 2338 988 2379 a
1001 2323 1067 2379 sub·

271 2425 341 2479 sidio
362 2432 441 2477 terrm
466 2425 577 2482 sanetae,
592 2433 644 2473 non
671 2424 723 2483 est,
738 2416 809 2471 sicot
824 2413 970 2480 credimus,
986 2414 1063 2469 vobis

272 2514 451 2586 incognitum,
463 2526 524 2567 com
540 2509 588 2567 toti
601 2522 671 2580 pene
683 2507 719 2564 ait
735 2506 862 2563 Ecclesiae
877 2505 1064 2561 ruranifestom.

271 2606 350 2664 lltrde
364 2621 426 2663 corn
440 2616 626 2676 sperassemus
647 2601 719 2672 qood
739 2600 884 2671 praeterite
898 2598 1065 2669 prenitentes

272 2684 394 2763 obcursor,
409 2697 521 2752 siccam
541 2694 698 2766 poeniteodo
722 2692 856 2748 diluerent
875 2690 947 2762 quod
963 2704 1067 2761 nequa·

271 2806 353 2863 otram
364 2790 433 2844 ttltra
449 2788 564 2843 similem
586 2792 761 2852 attentarent,
777 2799 830 2841 non
851 2797 996 2855 possumus
1012 2796 1066 2837 nott

271 2881 364 2939 dolere
382 2879 465 2950 quod,
482 2878 553 2934 sieut
575 2877 676 2933 nostris
699 2884 741 2932 est
763 2876 874 2932 auribus
897 2875 1065 2939 intimatum,

271 2974 381 3045 qnidam
396 2986 490 3027 corum
506 2972 532 3025 in
544 2969 712 3026 cotttrarium
728 2968 787 3039 spei
806 2974 905 3023 nostrae
919 2964 1066 3021 nonnullos

271 3066 429 3137 peregrinos
450 3063 483 3119 ad
509 3072 607 3119 terram
624 3068 802 3133 properantes
825 3057 948 3114 eamdem
964 3057 991 3111 in
1007 3057 1065 3113 suis

271 3159 387 3215 nasibus
411 3165 597 3228 receptantes,
615 3170 661 3212 eos
676 3169 691 3209 a
705 3152 815 3225 propria
835 3150 987 3207 intentione
1008 3148 1066 3205 fro·

270 3260 372 3309 stratos
388 3249 580 3314 deduxerunt,
594 3261 647 3302 non
673 3245 759 3302 solum
775 3244 802 3299 in
818 3242 962 3306 Graeciam,
977 3240 1024 3297 sed
1038 3242 1066 3296 in

270 3343 390 3400 Cretam.
405 3340 455 3409 Ωιι
466 3339 573 3396 tandem
587 3337 668 3394 corde
679 3337 750 3392 sicut
763 3342 790 3390 et
804 3334 901 3389 itinere
913 3331 1065 3398 deviantes,

269 3434 436 3505 prepositum
459 3431 531 3502 qnod
558 3436 653 3486 eotttra
678 3426 768 3484 crucis
793 3425 917 3482 inimicos
932 3437 1066 3494 concepe-

271 3535 343 3594 rant,
359 3527 385 3581 in
407 3538 547 3581 seruorum
563 3520 652 3578 crocis
668 3519 873 3591 oppressionem
887 3521 1064 3581 convertunt,

269 3620 439 3676 Cluistialtos
454 3617 571 3689 partium
586 3613 769 3686 adjacentiam
786 3612 820 3668 ad
835 3610 934 3667 ducum
951 3623 1064 3666 suorum

269 3711 430 3770 obcludendo
443 3725 564 3774 suasum,
577 3709 623 3780 qui
640 3707 763 3763 eamdem
778 3703 973 3776 indulgentiam
987 3717 1066 3760 men-

269 3807 402 3859 tiontnrn
419 3801 497 3859 nobis
522 3801 613 3856 taliter
634 3797 843 3870 procedentibus
869 3811 931 3852 csse
952 3809 1066 3852 conces·

270 3911 338 3960 sam,
348 3908 407 3965 qttce
420 3907 551 3948 concessa
564 3899 606 3946 cst
617 3889 670 3945 illis
681 3889 726 3960 qni
739 3887 772 3943 ad
783 3886 968 3943 defensionem
984 3894 1064 3942 terrae

269 3995 372 4045 sancte
388 3977 628 4054 praeconandum
644 3979 727 4051 igitur
741 3978 792 4032 lroc
805 3977 831 4031 in
847 3976 967 4047 ejusdem
985 3985 1065 4032 terrea

269 4074 451 4149 dispendium,
465 4071 641 4144 opprobrium
663 4076 798 4134 nostrum,
816 4075 844 4124 et
863 4075 1004 4138 peccatum
1021 4081 1064 4121 rc·

270 4170 372 4226 daudet
395 4167 513 4230 illorum,
531 4161 697 4220 fraternitati
721 4170 819 4217 vestras
840 4175 888 4231 per
914 4159 1063 4231 apostolica

270 4260 372 4331 scripta
404 4255 586 4330 praecipiendo
620 4253 782 4310 mandamus
815 4262 950 4323 quatenus
976 4249 1064 4305 dictos

270 4358 367 4411 «lucem
384 4365 410 4410 et
424 4351 552 4424 populum
571 4347 703 4406 moneatis
717 4346 865 4416 prudenter
877 4354 906 4400 et
919 4343 1064 4399 efficaciter

1118 2242 1292 2312 compellant.
1311 2241 1444 2307 Quocirca
1467 2239 1676 2295 uniuersitatem
1702 2250 1820 2296 vestram
1852 2258 1912 2312 mo-

1118 2350 1213 2391 nemus
1228 2336 1357 2390 attentius
1368 2342 1397 2389 et
1411 2334 1565 2395 lrortamor,
1587 2332 1744 2385 subendam
1763 2334 1841 2388 vobis
1867 2335 1910 2389 iu·

1118 2426 1310 2484 ternrinatione
1334 2426 1495 2481 mandantes
1519 2433 1654 2495 quatenos
1676 2430 1703 2477 et
1724 2438 1772 2479 uos
1786 2439 1847 2495 quaa
1862 2442 1912 2481 str-

1117 2518 1208 2588 perius
1223 2528 1427 2585 sunteapressa
1439 2522 1571 2585 quantum
1587 2512 1614 2567 in
1630 2512 1706 2567 robis
1722 2512 1804 2569 fuerit
1821 2514 1916 2571 ellica·

1117 2610 1187 2665 citer
1199 2609 1360 2675 observetis,
1374 2616 1402 2663 et
1419 2605 1586 2663 denuntietis
1606 2604 1667 2659 aliis
1692 2607 1845 2678 peregrinis
1871 2609 1915 2663 in·

1118 2698 1280 2754 violabiliter
1295 2700 1476 2754 observanda.

1153 2791 1250 2845 flatum
1274 2789 1403 2846 Laterani
1431 2806 1450 2845 tt
1473 2788 1589 2847 llalentl.
1616 2789 1717 2857 llartii,
1738 2790 1916 2861 pnrtttcatas

1117 2882 1202 2940 nostri
1216 2895 1289 2938 anno
1305 2880 1476 2938 duodecimo.

1492 2972 1537 3031 lll.

1237 3080 1326 3123 uastat
1348 3080 1413 3123 mtto
1431 3080 1547 3122 acumen
1567 3080 1661 3123 cotttrt
1687 3082 1807 3124 snare..

1139 3158 1175 3215 lle
1185 3159 1290 3231 negotio
1301 3158 1396 3226 Grctte,
1409 3171 1432 3214 ct
1445 3158 1478 3214 de
1490 3158 1615 3216 laudibus
1632 3160 1751 3230 ejusdcm
1770 3159 1894 3217 Hearici.

1315 3252 1454 3323 (Laterani
1471 3267 1497 3307 ιι
1519 3252 1579 3308 lfal.
1600 3253 1715 3325 llartil.)

1152 3348 1273 3404 Litteras
1287 3342 1356 3418 quas
1369 3345 1449 3403 nobis
1463 3355 1506 3400 tna
1521 3345 1631 3402 devotio
1646 3348 1793 3403 destinarit
1809 3362 1840 3401 ea
1855 3360 1911 3416 (pra

1118 3439 1211 3496 decuit
1233 3437 1403 3508 benignitate
1428 3437 1597 3505 recepimos;
1629 3445 1658 3492 et
1687 3451 1782 3492 earum
1814 3445 1916 3492 ιιιιιιιο

1116 3531 1311 3603 perspicaciter
1333 3527 1483 3595 intellecto,
1511 3527 1686 3598 prudentiam
1709 3534 1783 3580 tuam
1804 3529 1832 3578 lu
1856 3528 1914 3580 bo-

1116 3625 1191 3680 mino
1215 3622 1453 3686 commendamus,
1472 3620 1544 3689 qood
1558 3630 1586 3675 et
1600 3621 1634 3673 ad
1647 3631 1806 3673 succursum
1832 3626 1916 3673 terrae

1116 3724 1217 3772 saneta
1229 3714 1366 3770 ferventer
1388 3710 1506 3781 aspiras,
1521 3719 1550 3764 et
1564 3709 1598 3762 ad
1615 3709 1745 3763 bonorem
1758 3709 1916 3778 apostoticae

1116 3806 1346 3878 sedisdiligentar
1363 3802 1493 3867 intendis,
1518 3800 1646 3856 deuotum
1669 3799 1696 3853 in
1726 3806 1842 3869 utraque
1869 3815 1915 3856 re·

1116 3907 1238 3969 spectum
1251 3896 1356 3951 babens
1368 3895 1403 3950 atl
1419 3893 1517 3956 ileum,
1534 3905 1584 3958 pro
1605 3886 1683 3959 catius
1697 3890 1851 3945 reserantia
1861 3890 1916 3945 btr-

1114 3990 1230 4062 jusmodi
1243 3987 1410 4059 propositum
1422 3983 1582 4054 concepisti.
1594 3983 1617 4038 Α
1628 3998 1693 4053 ntro,
1708 3983 1731 4037 si
1745 3983 1914 4040 voluntatem

1116 4080 1150 4135 ad
1159 4088 1249 4136 aetram
1267 4077 1440 4150 perduxeris,
1464 4074 1631 4139 mercedem,
1658 4089 1712 4128 non
1729 4073 1816 4128 solnm
1832 4082 1914 4128 acter-

1116 4188 1190 4241 nnm,
1205 4171 1253 4227 sed
1268 4169 1446 4240 temporalem
1467 4167 1551 4222 etiam
1572 4166 1760 4236 consequeris,
1781 4180 1843 4220 curn
1868 4181 1915 4221 sc-

1116 4265 1234 4320 cundom
1257 4260 1417 4332 Apostolum
1448 4259 1534 4328 pietas
1560 4257 1771 4328 promissionem
1808 4255 1912 4312 lrabeat

1117 4357 1180 4410 sitae
1199 4369 1259 4424 quaa
1274 4367 1345 4407 nurne
1355 4360 1398 4407 est
1414 4350 1519 4420 pariter
1533 4361 1561 4404 et
1576 4348 1683 4403 futore.
1705 4347 1779 4402 Sane
1789 4346 1915 4415 pensatis

270 4447 405 4503 inllssfsslis
419 4452 449 4500 lli
469 4449 502 4499 1¹0
526 4450 624 4498 caelssw
645 4439 679 4495 ib
703 4436 857 4507 huiusmfflll
881 4435 1061 4496 ibSllssssnlesss
1079 4435 1244 4523 nomnibus
1256 4440 1469 4499 circtttnstantiis
1486 4453 1576 4495 rerum
1596 4447 1624 4494 et
1636 4451 1825 4506 personarum,
1843 4445 1915 4491 tent·

270 4553 321 4594 nec
336 4538 420 4593 Deum
435 4544 617 4607 prouocantes
632 4531 758 4596 ulterius,
773 4543 853 4600 quem
869 4542 900 4584 ert
919 4523 1063 4598 praeteritis

269 4641 432 4700 provocasse
452 4627 571 4697 grauiter
593 4623 797 4694 dignoscuntur,
813 4619 877 4690 qnin
899 4618 953 4672 imo
976 4623 1063 4670 retro·

269 4730 357 4776 actam
384 4718 514 4774 oflensam
539 4731 589 4789 pet
612 4712 827 4772 satisfactionem
850 4710 993 4778 expiantes
1017 4721 1061 4763 se·

269 4823 407 4882 «putentem,
431 4810 590 4882 peregrinos
615 4807 661 4880 put
686 4815 785 4863 terram
807 4810 929 4860 sanctam
952 4800 1063 4856 uisitare

269 4905 417 4974 disponunt
432 4917 446 4957 a
460 4916 509 4957 sno
526 4900 623 4956 itinere
641 4913 691 4954 nec
709 4898 736 4952 in
750 4894 859 4952 Cretam
879 4905 928 4947 nec
951 4891 978 4946 in
996 4890 1064 4946 alias

270 5005 361 5067 partes
383 4995 556 5064 distorquere
579 4996 756 5062 praesumant,
780 4986 830 5043 sub
855 4983 938 5040 dirisi
965 4980 1064 5052 judicii

269 5084 444 5142 nibilominus
472 5093 501 5138 et
523 5077 812 5138 excommunicationis
840 5073 1065 5132 itttertainatione

267 5184 393 5232 vetantes
405 5191 440 5232 nc
454 5173 609 5244 hujusmodi
623 5169 758 5243 peregrini
775 5181 843 5238 opus
864 5167 971 5224 itineris
987 5164 1063 5221 salu·

269 5271 338 5324 raris
363 5277 509 5334 minantes,
524 5266 551 5321 in
572 5278 613 5319 ιω
633 5259 797 5326 damnabile,
814 5258 886 5329 quod
900 5256 1063 5326 ingredienti

270 5374 372 5419 terram
387 5361 492 5417 duabus
509 5360 559 5415 tiis
574 5357 682 5428 sapiens
700 5355 876 5426 imprecatur,
892 5348 1065 5406 Claristiaoos

270 5459 316 5529 quii
334 5465 396 5512 sont
410 5457 438 5511 iu
453 5453 534 5510 Creta
549 5467 596 5508 seo
612 5449 695 5508 etiam
709 5448 864 5518 ubicunque
878 5442 999 5500 locorum
1016 5455 1065 5497 aa·

271 5553 351 5606 deam
366 5549 537 5620 impugnare,
562 5543 609 5600 sed
629 5549 721 5598 totum
737 5553 815 5596 suom
830 5544 924 5592 contra
941 5532 1065 5590 inimicos

271 5643 362 5698 erneis
394 5657 456 5696 enm
482 5633 726 5712 puritateldebita
757 5637 968 5702 prosequantur.
998 5626 1065 5684 buci

307 5753 349 5826 ll)
364 5753 431 5809 lide
446 5758 520 5822 gesta
534 5749 626 5806 innoc.
642 5745 684 5817 lll,
700 5758 759 5816 cap.
774 5741 808 5800 85
821 5750 849 5800 et
861 5755 937 5813 seqq.

1115 4549 1211 4610 parum
1222 4547 1250 4592 et
1261 4537 1393 4600 locorum,
1409 4535 1453 4589 uis
1468 4532 1568 4603 alitptid
1581 4531 1654 4588 aliod
1665 4529 1748 4586 etiam
1759 4530 1912 4584 secondom

1115 4631 1205 4687 stecttli
1221 4638 1324 4686 statum
1339 4625 1497 4698 denegatio
1514 4625 1604 4680 Cretae
1623 4621 1735 4693 potuisti
1750 4621 1923 4690 prudentius·

1116 4722 1243 4780 meditari
1254 4736 1336 4793 quiam
1355 4720 1428 4791 quod
1446 4732 1495 4788 per
1505 4716 1635 4772 dilcctstn
1650 4712 1735 4769 ftliotn
1751 4713 1914 4780 magistram

1114 4813 1226 4870 Petrttm
1249 4813 1436 4868 Accottensem
1452 4807 1578 4863 nuntium
1601 4815 1686 4870 tunm,
1700 4805 1789 4858 virum
1815 4801 1914 4872 otique

1115 4905 1258 4979 providum
1270 4911 1298 4960 et
1320 4900 1439 4966 fidelem,
1453 4908 1550 4955 nostro
1564 4893 1727 4966 apostolatui
1740 4893 1913 4964 suggessisti.

1116 4997 1185 5066 Quia
1197 5011 1264 5053 uero
1288 4993 1315 5049 in
1340 4991 1440 5048 litteris
1459 5003 1509 5061 per
1523 4987 1650 5044 eumdem
1672 4984 1783 5040 directis
1794 4997 1849 5036 aron
1862 4997 1915 5037 es·

1116 5099 1209 5159 presse
1235 5081 1354 5139 uidimus
1382 5078 1518 5137 contineri
1543 5086 1573 5132 ot
1592 5089 1623 5131 ea
1638 5089 1699 5145 quae
1716 5087 1800 5142 super
1813 5069 1913 5128 eodem

1116 5177 1225 5250 negotio
1238 5176 1310 5232 idem
1325 5171 1437 5229 trontius
1449 5169 1529 5225 nobis
1539 5183 1574 5223 ex
1589 5176 1633 5222 tua
1650 5173 1728 5238 parta
1745 5169 1914 5234 proponeret

1116 5268 1303 5335 crederemus,
1320 5273 1564 5335 quantumcunque
1588 5269 1614 5314 te
1631 5259 1659 5313 in
1681 5254 1798 5312 llomino
1811 5254 1911 5324 diliga-

1116 5377 1177 5418 mus
1197 5369 1224 5415 ct
1246 5360 1281 5415 ad
1295 5368 1371 5413 tuom
1389 5353 1505 5411 velimus
1522 5349 1666 5406 intendere
1690 5345 1864 5403 catamodum
1885 5353 1915 5399 es

1117 5457 1260 5519 bonorem,
1283 5452 1381 5524 babilo¹
1400 5461 1482 5517 super
1507 5446 1561 5501 boc
1582 5440 1697 5500 consilio
1719 5438 1854 5510 diligenti,
1878 5437 1916 5493 ad

1115 5558 1236 5616 praesess
1248 5557 1300 5597 non
1316 5541 1434 5596 uidimus
1448 5536 1522 5592 aliod
1538 5531 1755 5604 respondendum
1771 5526 1824 5584 nisi
1839 5525 1915 5598 quod

1117 5634 1348 5706 intellectisque
1372 5631 1444 5687 idem
1470 5627 1583 5685 nuntios
1609 5622 1724 5681 anobis
1744 5620 1838 5677 audita
1861 5626 1917 5672 tuae
