4109 6325
269 337 323 394 52³
712 335 903 396 tuuoceurti
922 339 954 396 lll
973 339 1024 395 PP.
1045 339 1279 400 nucusvoubtt
1297 333 1361 399 tib.
1381 343 1451 401 xit.

1848 351 1903 407 Sil

625 449 703 509 cta.
1071 459 1094 513 Α
1109 469 1204 510 vacare
1217 455 1397 525 contingeret,
1410 455 1443 511 G.
1458 455 1557 512 clerico
1571 465 1634 511 nato
1644 455 1677 516 G.
1691 459 1826 527 quondam
1839 475 1903 529 ger-

269 557 395 600 trrscoro
414 557 451 598 er
475 555 599 596 oruscrrs
621 558 705 598 ruris
729 560 765 599 er
783 561 921 600 cranmere
941 559 1058 599 curvaev-
1113 546 1184 599 mani
1197 547 1301 611 sui,cui
1318 563 1407 603 virores
1420 546 1565 603 laudabiles
1578 563 1609 604 ac
1622 548 1735 604 seientia
1749 549 1903 621 suifragan-

622 649 705 692 srens.
1113 647 1165 703 tur,
1182 639 1317 694 duceretis
1330 640 1414 694 libere
1428 639 1627 709 assignandam.
1642 639 1757 709 Propter
1769 641 1843 710 quod
1858 649 1900 707 ttt,

366 726 559 798 dependentia
574 727 709 782 collationi
727 745 802 798 pape
817 739 958 783 reservato.
1112 729 1194 784 irater
1220 731 1362 799 episcope,
1392 730 1469 786 nobis
1499 731 1655 800 supplicasti
1685 731 1825 788 lumiliter
1849 747 1904 803 per

457 817 606 885 (Laterani,
620 834 666 873 xvv
677 818 736 876 Kal.
752 817 862 888 llartii.)
1110 818 1218 874 easdem
1233 829 1261 874 ut
1274 820 1443 888 praebendam
1462 821 1583 876 eamdent
1600 820 1672 876 dicto
1688 821 1787 878 clerico
1800 823 1836 878 de
1850 823 1901 878 be·

303 909 416 966 Gratum
426 908 545 978 gerimus
554 918 581 965 ct
592 919 733 980 acceptum
745 910 827 979 quod,
839 910 910 963 sicut
921 918 959 971 ιιι,
974 909 1059 962 irater
1110 908 1243 978 nignitate
1267 909 1513 979 sedisapostolicae
1535 913 1686 967 concedere
1710 913 1897 983 dignaremur.

268 1001 405 1072 episcope,
428 1015 477 1068 per
504 1008 563 1056 tuas
587 1000 666 1056 nobis
690 1000 795 1056 litteras
818 1001 960 1067 intimasti,
980 999 1057 1055 bonae
1109 998 1164 1053 Nos
1184 999 1266 1070 igitur
1287 1008 1404 1056 vestram
1429 999 1594 1066 diligentiam
1619 1004 1852 1071 commendantes,
1870 1017 1900 1062 et
1938 995 1943 1002 ’

269 1091 407 1148 nvemoriae
429 1089 569 1147 (ierardus
588 1091 751 1148 albanensis
772 1091 875 1148 eiectus
902 1091 1056 1162 apostolicae
1108 1091 1229 1147 volentes
1246 1093 1328 1147 etiam
1355 1091 1460 1163 praelati
1482 1093 1560 1148 electi
1581 1109 1663 1164 super
1687 1095 1739 1150 lvoc
1765 1105 1899 1153 statutum

268 1184 341 1240 sedis
360 1181 464 1254 legatus
478 1185 640 1240 arretoritate
655 1183 798 1254 legationis
815 1199 868 1256 qua
883 1183 1053 1253 tangebatur,
1109 1182 1225 1238 llrmiter
1240 1183 1390 1251 observari,
1414 1183 1584 1241 universitati
1608 1193 1704 1242 restrae
1720 1187 1899 1254 praesentiam

268 1285 323 1331 tnm
342 1291 398 1331 sun
415 1290 496 1345 quam
511 1283 610 1331 nostrae
625 1275 764 1330 donationi
778 1275 948 1330 collationem
961 1273 1056 1346 primae
1108 1276 1270 1334 auctoritate
1285 1277 1444 1332 mandamus
1456 1285 1588 1346 quatenus
1599 1277 1714 1346 primam
1725 1279 1899 1348 prebendam

268 1368 419 1436 pmbende
434 1367 461 1422 in
483 1366 623 1422 Parmensi
644 1365 763 1422 Ecclesia
790 1376 940 1432 vacaturae,
966 1367 1055 1434 vobis,
1109 1367 1136 1423 in
1152 1376 1240 1423 vestra
1260 1367 1378 1423 Ecclesia
1401 1375 1556 1423 vacaturam
1578 1368 1716 1423 donationi
1737 1379 1837 1426 nostrae
1851 1385 1898 1426 re·

268 1460 316 1517 diii
332 1459 468 1524 canonici,
480 1459 723 1526 consentientibus,
741 1460 901 1523 reservavit,
913 1459 1055 1530 injungens
1110 1473 1219 1516 servare
1231 1460 1351 1524 curetis,
1367 1473 1487 1528 personae
1500 1460 1602 1515 idonea
1615 1460 1820 1518 conserendam.

268 1551 346 1607 vobis
360 1553 484 1622 primitus
503 1552 564 1608 viva
587 1565 664 1616 voce,
687 1561 715 1608 et
732 1552 863 1606 mandans
880 1551 937 1606 suis
959 1549 1056 1605 litteris
1144 1550 1241 1606 ilatum
1264 1551 1409 1621 Laterani,
1437 1569 1482 1609 xvv
1508 1551 1568 1610 lial.
1590 1553 1698 1620 llnrtii,
1724 1554 1899 1626 pontillcatus

269 1641 475 1714 subsequenter,
498 1642 570 1712 quod
595 1641 682 1713 ipsam
711 1641 895 1710 prebendam,
913 1655 975 1696 cum
994 1655 1054 1696 eant
1109 1643 1195 1700 nostri
1210 1657 1280 1700 anuo
1294 1645 1518 1714 quartodecimo.

927 1767 1242 1791 *-

563 1899 872 1992 APPENDIX
906 1900 1071 1991 LIBRI
1111 1901 1334 2006 Qbunvt
1375 1905 1604 1995 ubelbi.

370 2292 468 2333 absolu
487 2291 625 2331 vittoni-Et
642 2287 792 2330 convertant
810 2287 948 2328 tubuebst.

1071 2184 1226 2249 Bvirorum
1250 2185 1356 2242 comitis
1379 2185 1520 2242 Gisnensis
1537 2193 1564 2240 ct
1578 2183 1704 2242 willelmi
1724 2185 1757 2242 de
1777 2187 1895 2257 llicines,

1107 2276 1140 2330 de
1154 2289 1268 2344 quorum
1285 2276 1364 2331 leodo
1380 2276 1428 2346 ipsi
1445 2276 1640 2346 proveniebant
1660 2277 1800 2342 redditus,
1817 2281 1896 2334 rede-

335 2369 367 2426 L³t
387 2368 510 2437 beneficia
524 2383 576 2421 non
589 2365 709 2420 vocantia
723 2380 775 2418 non
789 2364 986 2432 proovlttantar.
1107 2365 1212 2430 inistis,
1236 2375 1263 2420 et
1284 2366 1478 2422 relaxationem
1504 2369 1623 2437 ipsarum
1650 2369 1895 2436 consuetudinum,

460 2457 607 2532 (Laterani,
623 2471 654 2512 ιιι
668 2455 728 2513 Kal.
740 2452 861 2523 dprilis.)
1106 2455 1177 2511 sicut
1188 2471 1219 2510 ea
1230 2455 1305 2524 inste
1319 2471 1349 2511 ac
1364 2458 1476 2526 pacillcc
1493 2457 1647 2527 possidetis,
1661 2458 1776 2513 vobiset
1788 2473 1897 2527 perros

304 2554 377 2626 (aab)
393 2552 461 2608 Cum
476 2566 507 2611 ex
522 2549 642 2618 injurieto
653 2548 731 2603 nobis
741 2545 908 2615 apostolatus
920 2543 1007 2600 olllclo
1021 2546 1055 2601 ad
1107 2547 1270 2600 rrrorrasterio
1292 2557 1382 2601 vestro
1404 2550 1564 2602 auctoritate
1586 2548 1732 2616 apostolica
1752 2548 1896 2603 conflrma-

263 2647 444 2705 ecclesiarum
473 2641 623 2712 proiectum
654 2648 681 2694 ct
714 2637 901 2710 religiosorum
933 2639 1054 2694 locorum
1110 2653 1170 2691 rrius
1197 2647 1224 2691 et
1247 2641 1388 2707 praesentis
1407 2640 1499 2710 scripti
1523 2639 1665 2710 privilegio
1682 2641 1893 2695 communimus.

267 2737 438 2794 commodum
453 2735 538 2790 aciem
555 2740 654 2788 nostra
670 2730 896 2786 considerationis
910 2733 1056 2786 extendere
1106 2727 1175 2782 Nulli
1193 2745 1258 2800 ergo
1270 2731 1493 2798 continuationis,
1508 2739 1574 2796 etc,
1589 2725 1670 2801 usqae
1683 2733 1710 2786 in
1720 2731 1811 2800 fircera.

268 2839 420 2889 teneamur,
440 2838 472 2878 ea
492 2821 630 2892 corrigere
651 2835 700 2876 uos
719 2828 827 2890 oportet
844 2834 904 2888 quae
920 2819 1054 2875 interdum
1143 2819 1247 2888 batruu,
1266 2829 1294 2873 ut
1308 2836 1399 2889 supro.

1442 2931 1556 2988 clviii.

1266 3064 1389 3104 rutttvvo
1403 3065 1525 3106 tttnsrnr
1542 3064 1602 3104 nect
1616 3065 1744 3105 rnaucrs.

1295 3140 1332 3196 ba
1347 3143 1448 3211 neqotio
1458 3143 1561 3196 comitia
1576 3141 1597 3196 Τ
1599 3141 1701 3197 oloruui

268 2922 295 2974 in
318 2931 463 2988 gravamen
486 2916 604 2985 ipsorum
627 2920 728 2967 temere
749 2926 796 2966 seu
810 2912 890 2966 etiam
904 2911 1055 2980 irnprovirle

268 3015 448 3064 attentantur.
477 3005 549 3061 Sane
577 3003 610 3058 ad
635 3001 801 3057 audientiam
829 2993 950 3057 nostram
978 3002 1055 3060 vobis

268 3098 455 3155 intimantibus
465 3105 506 3152 cst
522 3094 639 3150 delatum
652 3094 724 3165 quod
743 3093 776 3148 ad
790 3092 936 3149 multorum
948 3094 1054 3149 instan-

268 3193 331 3246 tiam
348 3189 528 3259 importunam
543 3186 576 3241 dc
595 3201 647 3239 nou
664 3184 823 3240 vacantibus
839 3184 977 3240 benellclis
992 3200 1056 3254 pro·

267 3281 409 3338 missiones
429 3278 527 3348 saepius
549 3278 639 3332 lacere
660 3291 708 3331 vos
728 3278 869 3347 contingit.
885 3276 962 3332 llnde
978 3277 1055 3332 nobis

267 3373 406 3430 lruariliter
420 3371 591 3441 supplicastis
606 3380 634 3423 ut
646 3369 722 3425 vobis
733 3384 813 3439 super
829 3370 870 3423 liis
881 3370 1056 3439 dignaremur

267 3465 478 3520 misericorditer
489 3462 642 3533 providere.
657 3460 785 3516 llolcntes
799 3460 881 3531 igitur
898 3470 995 3515 vcstrte
1008 3460 1056 3515 de-

267 3554 369 3610 votioni
390 3568 472 3622 super
494 3551 646 3621 hujusmodi
669 3551 826 3622 gravamine
840 3564 1004 3619 precavere,

268 3645 438 3701 attendentes
465 3645 537 3714 quod
562 3642 589 3697 id
619 3651 713 3697 covvtra
736 3650 835 3695 statuta
864 3636 1055 3694 lateranensis

266 3736 376 3793 concilii
386 3742 550 3797 attentatur,
561 3732 758 3802 promissiones
772 3730 923 3799 buirtsmodi
934 3728 1055 3784 decerni·

267 3843 329 3883 urus
342 3826 434 3881 irritas
446 3833 473 3879 et
484 3825 595 3889 inanes,
608 3822 772 3877 auctoritate
787 3819 864 3877 vobis
881 3818 1055 3889 praesentium
1136 3870 1142 3881 ,

265 3918 419 3974 districtius
430 3916 583 3973 inbibentes
594 3929 627 3969 ne
646 3923 741 3970 contra
755 3910 896 3983 prelatum
910 3910 1055 3967 concilium

268 4009 402 4067 bencllcia
423 4008 583 4078 promittere
602 4020 656 4061 non
679 4004 801 4060 vacentur
816 4002 942 4071 cuiquam
956 4002 990 4057 de
1002 4015 1056 4057 cae·

269 4110 328 4158 tero
336 4095 591 4163 presumatisilulli
602 4110 678 4169 ergo,
687 4103 786 4151 nostre
795 4092 973 4161 inhibitionis,
985 4101 1053 4157 ete,

268 4208 350 4264 usqne
361 4192 542 4247 incursurum.

304 4285 400 4339 ilatum
411 4282 548 4348 Laterani,
562 4296 592 4337 ru
603 4279 739 4335 Kalendas
748 4276 859 4349 Aprilis,
873 4290 945 4332 auno
955 4282 1055 4347 quarto

269 4381 384 4437 decimo.

608 4440 707 4497 clxii.

600 4546 733 4589 sistenti.

268 4632 414 4707 Confirmat
429 4628 572 4702 qaumdnnt
588 4625 789 4709 redemptionem
808 4622 958 4678 reddituram
974 4619 1054 4676 eccle·

577 4705 752 4751 castaeorum.

515 4788 642 4857 (Datum,
658 4794 688 4840 nt
701 4799 794 4855 repra.

1137 3230 1225 3299 (ilpud
1237 3228 1363 3301 cryptam
1379 3230 1521 3297 lerrntarn,
1537 3232 1654 3286 vurlial.
1672 3230 1852 3301 Septembris.

1121 3320 1215 3395 1¹·(280)
1226 3318 1336 3376 Noverit
1347 3322 1591 3391 regalisprudeutia
1600 3322 1671 3392 quod
1684 3320 1896 3378 votosannsce-

1106 3414 1272 3469 mcsdudum
1286 3414 1319 3467 ad
1330 3414 1502 3482 praesentiam
1517 3424 1640 3468 nostram
1651 3414 1796 3480 accedeus,
1810 3428 1896 3469 sesu-

1022 3532 1090 3605 acc
1108 3504 1895 3576 perhaereticaprnvitatenisusestnvultiplicitcrcxcusare.

1109 3596 1245 3653 Undcnos
1261 3596 1465 3666 adpetitionem
1494 3596 1578 3665 ipsius
1607 3596 1703 3665 legatis
1724 3594 1826 3650 nostris
1852 3610 1898 3649 re-

1107 3688 1266 3758 scripsimus
1281 3698 1311 3744 ut
1335 3688 1538 3743 denuntiatione
1559 3687 1716 3742 solemniter
1736 3688 1816 3753 lacta,
1843 3686 1897 3740 uisi

1106 3790 1276 3836 cortracum
1300 3780 1436 3851 legitimus
1451 3788 1595 3835 accusator
1622 3778 1692 3833 inira
1707 3790 1812 3833 certum
1839 3786 1898 3831 ter·

1106 3884 1209 3925 nunum
1222 3878 1401 3938 compareret,
1423 3867 1474 3940 ipsi
1498 3877 1662 3939 congregato
1681 3866 1797 3923 concilio
1811 3880 1897 3921 cano-

1107 3964 1196 4017 nicam
1223 3960 1410 4031 purgationem
1432 3959 1598 4025 ludiccrent;
1626 3973 1680 4028 qua
1704 3966 1824 4027 recepta,
1840 3971 1896 4010 non

1105 4053 1296 4123 permitterent
1308 4066 1370 4107 eum
1385 4066 1470 4121 super
1491 4050 1642 4121 hujusmodl
1656 4049 1771 4105 crimine
1785 4048 1898 4121 propnl·

1106 4144 1178 4211 sari;
1207 4143 1327 4213 alioquin
1354 4152 1482 4213 tanquam
1515 4142 1674 4197 lvaereticum
1707 4140 1898 4198 ecclesiastica

1106 4234 1275 4291 districtione
1289 4234 1426 4305 punirent.
1450 4233 1558 4290 Scimus
1580 4242 1671 4288 autem
1694 4233 1766 4303 quod
1790 4247 1898 4303 purga·

1107 4327 1207 4383 tionem
1224 4341 1277 4381 nou
1301 4327 1444 4395 praestitit:
1459 4327 1506 4382 sed
1520 4336 1611 4381 utrum
1626 4326 1772 4395 peripsum
1788 4325 1899 4380 steterit

1106 4420 1273 4490 ignoramus:
1284 4432 1438 4488 quanquam
1451 4417 1640 4473 universaliter
1649 4416 1809 4487 praedicetur
1822 4416 1900 4485 qnod

1107 4510 1164 4578 ipse
1185 4510 1211 4564 in
1236 4511 1358 4580 partibus
1372 4509 1425 4564 illis
1438 4523 1487 4579 pro
1502 4509 1632 4564 haeretico
1655 4509 1798 4563 lrabeatur.
1817 4505 1898 4562 Unde

1107 4609 1209 4657 terram
1234 4614 1310 4655 suam
1335 4612 1405 4670 pene
1431 4606 1515 4653 totarn
1538 4598 1644 4664 amisit;
1675 4612 1779 4667 nosque
1799 4595 1898 4666 legatis

1107 4688 1386 4760 nostrisinjuuximus
1397 4695 1536 4742 ulterram
1551 4688 1637 4759 ipsam
1645 4688 1678 4742 ad
1691 4702 1785 4743 eorum
1796 4680 1898 4756 quibus

1108 4782 1226 4853 pertinet
1237 4795 1305 4849 opus
1318 4782 1461 4852 diligenter
1471 4781 1572 4835 iaciant
1582 4778 1724 4835 custodiri.
1740 4776 1794 4832 Nos
1812 4777 1898 4848 lgitur

302 4886 387 4943 luetis
400 4881 548 4956 petentium
558 4875 700 4934 desideriis
714 4875 824 4946 dignum
834 4882 886 4938 cst,
896 4881 961 4940 etc„
975 4867 1142 4943 amneDad
1170 4881 1223 4928 tuac
1252 4872 1390 4941 petitionis
1416 4866 1573 4927 instantiam
1599 4869 1695 4939 legatis
1727 4867 1829 4923 nostris
1848 4881 1898 4921 su·

268 4979 413 5049 complere.
429 4976 589 5045 Sapropter,
603 4968 695 5026 dilecti
709 4968 736 5024 in
756 4966 871 5023 llomlno
884 4966 942 5033 lilii,
956 4966 1055 5021 vestris
1107 4979 1156 5035 per
1183 4965 1235 5019 lvoc
1261 4962 1368 5033 negotio
1393 4959 1506 5031 [litteras
1536 4958 1700 5032 apostolicas
1727 4956 1898 5013 destinamus

265 5073 347 5145 justis
360 5068 485 5141 precibus
501 5061 634 5126 inclinati,
652 5058 773 5115 redditus
793 5072 897 5113 annuos
910 5058 955 5125 qui
971 5054 1056 5115 nobili
1107 5055 1203 5125 quales
1226 5054 1260 5108 ad
1278 5062 1353 5108 tuuru
1370 5052 1541 5106 commodum
1559 5062 1587 5106 et
1609 5050 1738 5104 bonorem
1757 5046 1899 5102 credimus

269 5166 330 5220 viro
343 5158 488 5216 Eustaclrio
500 5158 534 5214 de
545 5152 692 5225 Campania
704 5163 733 5209 et
744 5153 799 5207 suis
810 5148 1055 5221 praedecessoribus
1107 5146 1244 5217 expedire.
1260 5144 1335 5215 (28l)
1348 5142 1435 5213 Super
1450 5143 1558 5212 negotio
1568 5154 1676 5211 quoque
1696 5137 1898 5193 venerabilium

269 5270 332 5312 cum
345 5251 506 5324 quibusdam
533 5242 774 5305 consuetudinibus
798 5242 921 5298 onerosis
948 5240 1012 5294 olim
1039 5254 1054 5293 a
1109 5234 1223 5290 lratrum
1237 5244 1391 5291 nostrorum
1400 5232 1629 5288 llutisiodorensis
1643 5238 1671 5286 et
1688 5227 1899 5284 Aurelianensis

268 5354 362 5402 vestro
380 5340 544 5400 monasterio
560 5339 739 5399 debebantur,
756 5343 785 5391 et
797 5348 865 5404 qnos
881 5334 916 5387 ab
935 5332 995 5400 ipso
1007 5345 1057 5386 no·
1109 5329 1297 5397 cpiscoporum
1316 5324 1368 5379 lroc
1390 5332 1441 5377 tuae
1463 5322 1547 5391 regali
1568 5318 1716 5391 prudentiae
1730 5319 1898 5381 innotescat,

269 5438 319 5497 bili
332 5446 360 5496 ct
373 5432 527 5492 heredibus
542 5429 616 5500 ejus,
634 5428 781 5483 accedente
796 5438 909 5480 assensu
925 5421 1055 5477 nobilium
1108 5417 1252 5487 quodcum
1269 5424 1296 5469 tu
1310 5413 1369 5469 sir-vc
1383 5411 1478 5467 curiali
1489 5408 1670 5482 iudicionolis
1683 5408 1822 5464 remittere
1837 5420 1897 5475 poe-

272 5573 299 5627 in
314 5569 452 5631 libroxtv,
464 5564 512 5619 scd
526 5562 553 5617 in
568 5561 646 5615 initio
657 5557 806 5628 sequentis.
840 5554 917 5610 llude
943 5564 1056 5625 apparet
1143 5550 1520 5625 (servientibusque.
1550 5546 1611 5613 l52,
1629 5544 1743 5612 l5³;et
1767 5542 1815 5601 lib.
1838 5556 1900 5606 xvv,

274 5648 378 5695 rectam
390 5638 472 5691 ltrisse
484 5632 660 5689 mutationem
669 5643 752 5699 quarn
768 5628 819 5683 lvoc
832 5626 890 5682 loco
904 5624 970 5681 lecit
985 5626 1056 5681 idern
1106 5628 1186 5695 epist.
1201 5624 1244 5679 ab.

269 5711 313 5763 vir
327 5706 533 5761 illustrissimus.
1145 5696 1218 5766 gl8l)
1238 5692 1304 5748 iiiuc
1318 5692 1365 5746 lib.
1388 5706 1446 5755 xrrr,
1462 5688 1541 5761 epist.
1557 5686 1620 5752 inb,
1636 5684 1684 5740 ini

310 5776 384 5847 (aas)
400 5775 468 5831 vua
477 5773 524 5830 ιιι.
541 5787 602 5838 ιιι,
613 5769 694 5841 epist.
706 5768 771 5824 aas.
864 5748 867 5752 ’
