4109 6325
276 290 325 345 iil
459 282 461 285 ’
722 284 917 341 tauctlellttl
937 285 970 342 tlt
988 286 1041 343 ΡΙ).
1063 282 1300 341 necestoutltt
1318 280 1381 337 titt.
1403 278 1459 336 xit.
1853 280 1905 337 lit

642 398 705 456 etr.
1078 402 1102 460 Α
1116 407 1149 454 de
1163 397 1277 454 iratrum
1293 406 1448 455 nostrornm
1463 392 1577 449 consilio
1601 391 1638 447 ita
1663 391 1789 449 cinximus
1810 394 1905 464 prori-

276 506 423 561 turtureus,
451 504 618 554 consultans.
645 502 679 544 tr
707 504 836 548 untrraso
862 506 961 549 roccae
986 506 1066 549 aare
1116 488 1244 554 dcndnm,
1258 485 1479 558 utpropterltuc
1503 500 1518 539 a
1540 481 1730 553 praedicturum
1751 492 1907 542 castrorum

604 596 736 638 rsurtno.
1113 578 1175 649 iure
1189 594 1280 635 comes
1298 580 1357 650 ipse
1370 592 1424 634 nou
1445 576 1564 640 decidat,
1590 588 1640 630 nec
1670 573 1693 629 ci
1720 575 1813 630 obstet
1832 577 1905 646 pttod

391 671 437 729 en
455 670 626 741 confinentem
638 673 754 728 rernirrio
765 674 949 745 fidurrtinrum.
1117 671 1247 739 quosdam
1276 668 1444 725 subditorum
1460 680 1597 722 suornma
1616 670 1680 736 iure
1696 679 1729 719 ac
1744 665 1858 721 seruitio
1876 676 1905 723 ct

461 760 611 837 (Laterani,
630 778 650 819 u
664 762 727 819 idus
740 761 884 836 ianuarii.)
1116 761 1208 817 debito
1224 760 1361 816 tideiitatis
1372 758 1488 814 absoluit
1502 756 1525 814 si
1538 772 1571 813 ea
1587 770 1648 827 utrae
1665 755 1785 825 ittiuueta
1798 756 1906 813 interum

310 852 517 909 Soletannucre
530 854 610 908 seties
625 854 771 925 apostolica
786 855 838 926 piis
862 856 931 911 rotis
944 865 971 911 ct
982 856 1066 911 irone-
1117 867 1170 907 non
1185 850 1319 921 impleret,
1332 849 1395 907 dum
1410 858 1501 905 tamen
1518 849 1609 903 adltuc
1620 848 1734 903 deuotus
1759 848 1906 917 adiutpleat

283 942 334 999 stis
348 941 495 1012 petentium
505 943 631 1013 precibus
647 942 768 999 latorem
782 946 941 1000 trenorcium
968 946 1066 1016 imper·
1116 957 1177 1013 quae
1188 942 1308 1014 iniuncta
1324 939 1376 996 sibi
1392 954 1452 995 esse
1464 948 1617 995 noscuntur
1628 954 1636 995 t
1649 940 1693 995 cni
1709 953 1906 1009 excoquente

277 1034 333 1089 tiri.
349 1033 416 1089 Cum
432 1034 515 1105 igitur
530 1034 678 1103 Imperator
700 1036 847 1100 ilem-iens,
873 1037 936 1091 dum
961 1038 1066 1094 ratione
1116 1033 1273 1089 curavimus
1289 1031 1392 1088 utiliter
1402 1032 1546 1101 prouidere
1558 1032 1630 1102 qnod
1648 1039 1751 1086 terram
1773 1046 1851 1085 suam
1873 1030 1906 1083 il·

278 1125 359 1181 clarae
372 1126 510 1181 momoriae
523 1124 689 1182 Constantine
706 1127 804 1197 reginae
819 1126 919 1184 Siciliae
943 1129 1066 1200 contingis
1116 1125 1208 1180 laesam
1224 1123 1337 1181 fecimus
1348 1123 1507 1181 conseruari
1518 1122 1554 1178 ab
1562 1122 1681 1177 exercitu
1698 1120 1905 1189 Christianonui

273 1234 330 1273 stim
348 1234 461 1289 reguum
479 1217 580 1274 Sicilia
593 1218 739 1296 obtineret,
753 1228 807 1274 tam
825 1220 903 1277 robis
918 1236 998 1290 qtram
1016 1222 1066 1277 iic·
1117 1218 1153 1268 ad
1162 1216 1371 1285 &tullinandum
1391 1211 1904 1286 0010000300010001000300010·

273 1308 366 1365 clesiis
381 1318 408 1363 et
423 1310 547 1378 personis
561 1310 755 1367 ecclesiasticis
770 1312 889 1369 ciuitatis
912 1312 1065 1382 praestatio·
1116 1303 1207 1367 cesiil.
1226 1314 1254 1359 et
1266 1318 1313 1374 uer
1325 1301 1450 1359 00010001
1464 1301 1612 1357 adversarii
1626 1300 1687 1369 0108
1703 1314 1773 1371 pene
1796 1300 1906 1369 penitus

273 1413 322 1455 nes
334 1400 477 1471 quasdam,
490 1416 549 1470 nnec
561 1400 679 1458 lldautiae
693 1402 751 1475 (07)
766 1403 916 1474 vulgariter
928 1404 1065 1475 appeltan-
1116 1406 1179 1453 sttnt
1194 1395 1337 1452 destructi.
1352 1394 1421 1464 Quia
1436 1409 1503 1450 tero
1513 1393 1583 1448 inter
1595 1402 1708 1448 ceteras
1719 1406 1818 1447 causas
1843 1407 1905 1462 qtrae

273 1495 328 1555 tur,
344 1490 490 1554 remiserit,
504 1492 647 1549 statuendo
668 1501 696 1548 ut
708 1494 925 1564 possessionibus
938 1494 1064 1550 omnibus
1115 1488 1149 1541 nd
1163 1486 1404 1557 apostolicaesedis
1419 1482 1608 1556 magisterium
1627 1482 1793 1547 ructantur·
1814 1483 1841 1537 10
1859 1482 1904 1537 1110

274 1594 335 1649 quac
355 1588 465 1651 propter
476 1582 656 1638 cessationem
672 1595 766 1637 earum
783 1594 923 1651 occupata
952 1582 1063 1639 inerant
1115 1590 1156 1633 cst
1172 1593 1234 1635 cunt
1244 1577 1381 1634 subtiliori
1392 1577 1517 1634 erauline
1532 1591 1565 1632 ac
1577 1577 1720 1632 maturiori
1733 1576 1904 1648 providentia

273 1671 417 1735 restitutis,
430 1684 530 1741 pascua
549 1672 625 1727 uobis
639 1673 739 1729 babere
766 1688 799 1730 ac
823 1676 914 1730 caedua
944 1675 1064 1731 incidere
1115 1670 1315 1740 procedentium
1334 1669 1362 1725 ia
1375 1684 1427 1741 qua
1443 1669 1477 1725 de
1490 1668 1614 1725 articulis
1627 1669 1718 1739 agitur
1731 1669 1792 1725 littei
1819 1670 1903 1725 ditri-

273 1760 344 1829 lignn
363 1760 456 1817 liceret
467 1768 493 1815 tn
511 1776 560 1817 suo
575 1762 701 1819 demanio
725 1778 775 1833 per
800 1765 900 1821 dietam
926 1765 1063 1822 dimidiam
1079 1740 1100 1795 Β
1114 1762 1218 1829 stianae,
1231 1759 1325 1831 legatis
1340 1760 1440 1817 nostris
1448 1760 1574 1815 duximus
1585 1760 1777 1831 iniungendum
1792 1772 1820 1815 ιιι
1832 1759 1904 1815 inira

273 1853 301 1905 in
318 1852 433 1907 circuitu
449 1852 607 1919 Beneventi,
619 1855 1066 1914 etclrarissimusiuChristolilius
1116 1862 1172 1908 tres
1190 1866 1306 1918 menses,
1321 1860 1464 1922 postquam
1478 1851 1583 1907 litteras
1598 1862 1708 1908 nostras
1738 1852 1901 1921 receperint.

273 1953 365 1999 noster
376 1942 539 2000 Frerleriens
554 1944 655 2020 Siciliae
671 1962 717 2001 rer
733 1947 859 2013 illustris,
871 1949 992 2018 praedicti
1016 1966 1066 2021 pa·
1115 1944 1142 1999 ia
1156 1943 1319 2014 competenti
1333 1943 1394 1998 loeo
1405 1942 1683 2014 arcltiepiscoporunt,
1699 1944 1902 2014 episcoporum.

275 2032 374 2088 trissui
390 2032 511 2103 uestigiis
524 2034 690 2101 inltmrendn,
704 2036 798 2093 eadem
813 2037 890 2093 robis
918 2053 1003 2108 nuper
1017 2040 1066 2095 dn·
1114 2034 1254 2100 0000000,
1272 2033 1404 2104 primm»
1425 2033 1568 2101 ¹¹²i⁰¹¹¹¹¹¹¹2
1593 2034 1708 2089 militnm
1735 2043 1764 2091 θῑ
1785 2035 1904 2091 1110010·

272 2124 537 2191 aeritconcedenda,
554 2134 636 2196 prout
654 2130 681 2182 tn
695 2128 861 2185 authenticis
874 2131 977 2186 exinde
999 2146 1067 2187 cou-
1114 2125 1318 2195 etiamquorum
1328 2126 1817 2197 prasentiamnorerintopportunam
1829 2127 1902 2200 (00),

272 2212 351 2270 lectis
379 2213 485 2285 plenius
518 2218 693 2285 continetur,
716 2234 777 2279 ¹nos
811 2220 908 2275 restris
940 2220 1067 2292 precibus
1114 2218 1231 2273 concilio
1254 2224 1415 2283 conuocato,
1440 2217 1463 2273 si
1484 2225 1548 2273 ante
1569 2218 1734 2288 completum
1757 2217 1905 2273 concilium

272 2304 394 2361 inclinati
407 2306 612 2362 concessionem
630 2308 727 2379 ipsam,
747 2310 820 2365 sicut
831 2310 876 2379 pie
894 2325 927 2365 ac
953 2310 1067 2381 provide
1114 2317 1209 2367 contra
1224 2308 1363 2380 praefatum
1375 2310 1516 2376 comitem,
1543 2324 1625 2379 utrem
1653 2308 1763 2365 interita
1787 2324 1819 2365 ea
1842 2324 1906 2378 quae

272 2398 344 2453 lacta
361 2406 420 2466 est,
454 2400 618 2456 auctoritate
645 2400 793 2469 apostolica
819 2404 1013 2457 confirmamus
1038 2407 1066 2456 et
1115 2399 1233 2470 iniuncta
1247 2401 1297 2458 sibi
1311 2411 1375 2458 snut
1391 2402 1565 2475 praecipimus
1576 2403 1734 2474 adimplere,
1755 2418 1840 2474 super
1854 2403 1907 2459 de-

273 2489 419 2559 prmseutis
445 2490 541 2560 scripti
563 2489 717 2560 patrocinio
751 2491 960 2548 communimus.
996 2488 1066 2547 Nulli
1116 2491 1477 2549 riatiunetldciortltodoxae
1492 2509 1524 2549 ac
1545 2509 1613 2550 nece
1640 2504 1742 2551 sauctae
1764 2494 1905 2551 memoriae

276 2592 355 2651 ergo,
369 2587 435 2647 etc..
451 2580 521 2635 itanc
533 2580 658 2651 paginam
675 2588 776 2636 nostra
785 2580 999 2639 contlrmationis
1024 2580 1067 2636 iu·
1115 2580 1188 2639 Petri
1203 2584 1236 2640 de
1249 2584 1417 2643 Castronuro
1429 2593 1495 2641 tuuc
1506 2585 1661 2655 apostolica
1675 2586 1748 2642 sedis
1762 2584 1844 2659 legati
1864 2586 1910 2641 le-

274 2670 393 2741 iringere
405 2669 446 2723 rel
460 2670 496 2737 ei,
509 2679 573 2734 etc..
590 2686 671 2742 nsque
691 2671 871 2727 incursurum.
1114 2674 1223 2745 gitimus
1250 2677 1406 2745 apparuerit
1429 2685 1573 2732 accusator
1599 2674 1685 2746 (100),
1716 2676 1786 2747 ipsi,
1804 2676 1908 2734 auditis

310 2762 406 2818 οιιιιιιιι
418 2762 556 2830 Laterani,
570 2778 590 2819 n
601 2763 664 2820 ldtts
678 2761 811 2830 ianuarii,
825 2763 1000 2834 pontificatus
1015 2778 1066 2823 no·
1116 2767 1242 2837 utrinque
1253 2765 1409 2836 pmpositis.
1422 2768 1551 2839 usquead
1564 2766 1909 2824 seutentiaediltiuitionem

273 2860 324 2918 stri
337 2872 409 2916 anuo
422 2858 592 2917 duodecimo.
1115 2860 1275 2931 procedant,
1297 2868 1324 2915 et
1337 2861 1508 2916 remittentes
1524 2862 1557 2916 ad
1572 2873 1623 2915 nos
1637 2873 1746 2915 causam
1771 2858 1908 2915 subicien-

631 2949 709 3007 ctlt.
1116 2961 1158 3008 ter
1169 2953 1340 3018 instructam,
1354 2954 1497 3026 preignnt
1509 2954 1632 3025 partibus
1658 2954 1804 3009 terminum
1828 2952 1908 3009 corn·

346 3058 505 3103 utnsoutusr
525 3058 560 3099 ar
582 3055 748 3100 instaretur
772 3055 993 3099 aucntttetseoets.
1078 3078 1099 3136 c
1117 3054 1325 3116 petentemque
1351 3054 1445 3101 nostro
1471 3060 1501 3101 se
1528 3046 1687 3114 conspectui
1709 3054 1909 3115 representem

453 3136 492 3192 lle
505 3134 607 3206 negotio
621 3134 723 3188 curritis
737 3131 877 3190 Tolumni.
911 3146 913 3151 ·
1116 3136 1280 3193 sententiam
1293 3143 1442 3207 recepturae
1458 3152 1466 3188 τ
1483 3135 1592 3206 quodsi
1606 3143 1752 3193 accusator
1776 3148 1829 3189 uon
1858 3148 1909 3205 ap-

585 3226 747 3300 (Latcrani.)
1115 3232 1238 3300 partierit
1253 3239 1347 3286 cuutrn
1359 3243 1514 3299 curtusupcr
1525 3228 1648 3285 articulis
1664 3228 1808 3285 antedictis
1817 3228 1906 3300 (101),

312 3319 429 3377 Veniens
446 3318 480 3374 ad
496 3315 668 3388 presentiam
694 3325 816 3372 nostram
844 3315 943 3374 nobilis
968 3319 1010 3374 tir
1029 3319 1063 3375 11.
1115 3321 1167 3394 ipsi
1178 3319 1291 3378 consiliu
1316 3319 1442 3390 prudenti
1468 3318 1618 3374 deliberent
1639 3334 1702 3376 cum
1726 3319 1853 3390 qualibus
1877 3329 1909 3374 ct

276 3414 429 3472 tolosanus
440 3423 533 3466 comes
546 3421 595 3463 sua
610 3405 690 3463 uobis
717 3407 844 3476 exposuit
870 3409 1012 3478 questione
1035 3425 1065 3468 se
1114 3413 1231 3484 qualiter
1242 3413 1313 3467 idem
1328 3424 1420 3468 cornea
1434 3408 1555 3481 legitime
1568 3411 1705 3466 debeatse
1722 3423 1851 3482 purgare,
1875 3418 1910 3464 ut

275 3519 358 3578 super
370 3515 499 3576 processu
511 3500 663 3579 legatorum
691 3509 848 3556 nostrorum
877 3500 1065 3572 multipliciter
1115 3505 1161 3560 ubi
1170 3514 1230 3559 orta
1240 3512 1283 3558 eat
1294 3501 1352 3572 ejus
1363 3501 1476 3556 iulmnia
1492 3502 1641 3569 murittum
1654 3510 1682 3557 et
1695 3503 1718 3557 si
1733 3503 1909 3573 purgationis

274 3605 462 3672 aggravatum,
478 3601 506 3650 et
519 3592 583 3650 licet
600 3595 677 3648 bonae
692 3593 831 3648 memoria
845 3594 977 3665 magister
1001 3594 1065 3653 blilu
1115 3596 1229 3651 turmam
1243 3596 1277 3652 ab
1291 3593 1357 3665 ipsis
1369 3608 1431 3649 cum
1445 3595 1553 3651 concilii
1565 3595 1760 3665 approbatione
1767 3594 1908 3666 provisam

277 3690 507 3747 notariusuostcr
523 3685 617 3755 grauia
645 3685 773 3740 mandata
797 3682 887 3740 eidem
916 3684 1066 3757 injunxerit
1114 3689 1203 3743 dietus
1217 3687 1429 3743 coratesduaerit
1443 3687 1650 3756 acceptandam,
1675 3687 1724 3759 ipsi
1748 3701 1810 3741 eam
1835 3685 1909 3741 indi-

275 3779 343 3851 (00),
358 3777 402 3833 illa
413 3785 503 3833 tannen
521 3789 570 3844 pro
586 3787 682 3846 magua
711 3780 788 3844 parte
803 3787 833 3830 se
849 3775 948 3830 asserit
969 3773 1066 3846 imple·
1115 3789 1178 3835 caut
1192 3781 1280 3837 eidem
1295 3799 1303 3836 ι
1319 3781 1345 3836 iu
1357 3795 1409 3850 una
1425 3779 1446 3834 si
1460 3777 1531 3834 forte
1543 3777 1683 3848 deiecerit,
1698 3779 1791 3843 iidem,
1804 3777 1908 3850 praia-

275 3870 359 3936 uisse,
368 3870 402 3922 ad
420 3867 470 3920 troc
483 3865 659 3934 quarumdam
671 3862 852 3918 ecclesiarum
865 3862 1064 3920 testimoniales
1115 3872 1149 3926 tis
1160 3871 1259 3929 castris
1269 3871 1296 3926 in
1310 3884 1359 3926 sua
1370 3876 1502 3942 potestate
1516 3870 1640 3937 retentis,
1656 3869 1735 3925 trubis
1747 3870 1786 3924 rei
1804 3869 1908 3924 seriem

274 3959 382 4014 litteras
395 3955 547 4012 exhibendo
566 3953 594 4008 iu
612 3953 710 4024 quibus
727 3952 917 4009 continebatur
934 3966 1064 4023 expresse
1116 3965 1242 4020 intimare
1255 3971 1414 4033 procurent,
1437 3963 1554 4032 idipsum
1577 3961 1674 4017 facturi
1702 3962 1725 4017 si
1749 3960 1842 4016 ioman
1869 3976 1909 4017 ex

276 4049 349 4120 quod
360 4047 461 4104 eisdem
477 4041 647 4101 satisfecerat
674 4051 871 4115 0000010001,
892 4041 1020 4112 adficietis
1035 4057 1065 4101 00
1114 4053 1267 4124 hujusmodi
1280 4050 1366 4108 iorma
1381 4051 1532 4109 indicendae
1545 4052 1596 4108 sibi
1614 4051 1782 4122 purgationis
1804 4064 1908 4120 quera-

274 4137 446 4211 0010101010
462 4135 697 4206 0110110311011111101
717 4133 876 4205 ἰῃι01010101
899 4133 1065 4190 sufficienler
1116 4154 1159 4198 tur
1173 4143 1272 4212 itrjrrste
1287 4141 1658 4212 sibiimmineregmrarneu,
1682 4148 1710 4194 et
1733 4140 1760 4195 in
1788 4149 1908 4208 utruque

275 4230 422 4302 implenda.
445 4227 556 4284 Undea
580 4225 658 4282 uobis
678 4225 838 4296 suppliciter
860 4224 1007 4296 postularit
1035 4234 1065 4282 nt
1114 4251 1178 4291 casu
1191 4233 1345 4304 apostolicae
1359 4233 1543 4302 responsionis
1556 4231 1698 4288 oraculum
1716 4239 1905 4301 exspectetnr;

274 4339 359 4396 super
378 4323 431 4378 ilde
445 4321 590 4387 catholica,
607 4320 704 4389 dequa
721 4319 839 4384 dudum,
863 4317 927 4374 iicet
952 4315 1061 4388 iniuste,
1115 4325 1187 4396 qttod
1202 4325 1224 4379 si
1235 4322 1354 4395 legitime
1370 4338 1401 4379 se
1417 4325 1585 4395 purgaverit,
1601 4324 1673 4380 sicut
1687 4325 1722 4379 ab
1747 4324 1813 4393 ipsis
1826 4337 1907 4378 rece-

277 4417 384 4476 ltabitus
394 4423 436 4472 cst
447 4421 599 4484 suspectus,
615 4411 717 4467 indicta
733 4409 785 4466 sibi
808 4410 970 4480 purgatione
996 4411 1064 4483 legi-
1078 4417 1101 4471 i)
1117 4416 1187 4487 perit
1206 4415 1233 4469 in
1246 4414 1391 4481 plaudatis,
1404 4413 1456 4486 ipsi
1471 4427 1534 4469 eum
1550 4413 1639 4469 uirum
1662 4412 1827 4469 catholicum
1854 4428 1910 4484 pu·

276 4509 353 4571 tima,
367 4506 394 4559 i¹¹
409 4511 500 4562 008110
515 4500 659 4577 timentia
675 4499 763 4572 ipsum
779 4499 932 4568 0111001100
954 4498 1063 4555 demum
1116 4505 1186 4561 blice
1197 4505 1332 4570 nuntient,
1343 4514 1369 4561 et
1381 4519 1464 4575 snper
1478 4504 1543 4561 dicti
1559 4504 1639 4575 legati
1662 4519 1729 4560 nece
1739 4505 1848 4576 penitus
1861 4505 1907 4559 in·

276 4611 325 4650 sua
339 4594 390 4650 sibi
407 4602 496 4648 castra
510 4590 616 4648 restitui
633 4589 795 4654 laceremus,
811 4603 845 4642 uc
863 4588 914 4644 sub
936 4589 1064 4660 prestita
1116 4605 1269 4662 nocentem,
1294 4597 1450 4665 supradicta
1474 4607 1564 4652 castra
1581 4594 1705 4667 plenarie
1730 4597 1909 4652 restituentes

275 4682 411 4741 cautionis
424 4683 536 4738 obtentu
551 4682 578 4736 in
593 4689 754 4753 perpetuum
768 4678 814 4732 ilia
828 4678 941 4736 detineri
958 4678 1066 4734 coniiti-
1115 4690 1203 4744 eidem
1226 4703 1288 4744 cum
1306 4702 1338 4743 ga
1354 4702 1415 4757 quae
1442 4687 1493 4743 gibi
1511 4688 1639 4743 mandata
1662 4687 1773 4742 fuerunt
1794 4688 1829 4742 ab
1847 4687 1909 4756 ipso

242 4771 247 4784 ¹
277 4788 323 4848 gat
338 4776 365 4832 in
379 4775 437 4843 eius
448 4773 635 4846 prejudicium
649 4783 677 4828 et
692 4785 849 4842 gravamen.
869 4770 998 4840 Quamuis
1016 4787 1065 4827 att-
1117 4779 1386 4850 tnvnutadnnptcu,
1401 4788 1509 4850 recepta
1524 4790 1614 4834 tanuen
1627 4779 1908 4849 superobserratieus

276 4881 330 4925 tem
340 4868 416 4942 iuria
430 4864 603 4937 obligationis
618 4863 653 4920 ab
663 4877 697 4920 cu
710 4861 838 4934 prestita
850 4859 965 4917 lornratn
975 4869 1064 4917 castra
1116 4871 1201 4941 pacis,
1221 4869 1254 4924 ad
1274 4884 1355 4940 qttam
1369 4884 1399 4925 se
1411 4870 1436 4923 in
1451 4879 1611 4939 perpetuum
1626 4869 1831 4940 obligamentis
1843 4869 1908 4925 ino.

276 4959 370 5016 eadem
391 4968 549 5015 asserantur
576 4955 610 5011 ad
634 4954 723 5027 juset
751 4961 912 5022 potestatem
936 4951 1066 5009 Romanae
1117 4974 1167 5015 nea
1177 4959 1321 5026 cautione;
1338 4961 1448 5030 preciso
1459 4962 1609 5031 prudenter
1635 4977 1668 5018 ne
1690 4973 1802 5033 propter
1829 4959 1910 5018 mali-

277 5047 405 5106 Eeclesiae
417 5048 553 5115 desolata,
574 5061 636 5104 cum
660 5044 789 5104 multaer
807 5044 981 5115 iisquaesibi
1008 5043 1067 5100 inc·
1119 5049 1201 5104 tiosos
1211 5057 1239 5102 et
1250 5048 1361 5102 tritulus
1374 5049 1540 5119 quaestiones
1554 5051 1675 5108 ntaudati
1701 5051 1786 5108 uestri
1816 5050 1909 5108 valeat

278 5152 340 5199 rant
353 5143 472 5214 iniuncta
484 5156 537 5198 non
552 5138 690 5197 curaverit
702 5135 861 5206 adimplere,
885 5135 949 5206 quia
974 5142 1065 5193 tamen
1116 5141 1255 5197 crsceutio
1271 5141 1406 5211 impediri.

276 5235 419 5290 nondecet
434 5230 585 5290 Ecclesiam
599 5242 663 5286 cum
682 5225 887 5295 alienaiactura
902 5224 996 5290 uitari.
1016 5239 1066 5281 nos
1153 5233 1251 5286 batum
1267 5229 1406 5298 Laterani,
1427 5230 1503 5304 (100)
1523 5233 1698 5302 pontiucuns
1722 5230 1808 5290 nostri
1834 5247 1910 5289 auno

276 5326 400 5382 eumdem
411 5322 540 5380 eorttitem
552 5317 701 5391 apostolica
724 5315 892 5390 benignitate
906 5324 1063 5380 tractantes.
1117 5323 1284 5380 duodecimo.

311 5481 356 5549 (07
386 5479 451 5534 vide
465 5477 579 5550 glossar.
592 5474 741 5531 littiresnii.
1167 5476 1227 5549 101)
1243 5477 1310 5534 vide
1324 5478 1387 5534 inat.
1405 5479 1492 5552 urbig.
1509 5496 1569 5550 cap.
1583 5482 1629 5538 110.

311 5551 357 5619 (00
386 5550 453 5603 Vide
465 5563 545 5617 supra
557 5562 618 5616 png.
633 5545 695 5600 eid.
1168 5547 1226 5616 101)
1245 5549 1326 5604 Deest
1342 5550 1368 5602 iu
1382 5549 1506 5606 hocloco
1530 5553 1669 5607 adnotatio
1691 5552 1745 5607 diei
1768 5567 1823 5622 uuo
1841 5551 1910 5608 data

311 5619 369 5688 (00)
386 5619 451 5673 Vide
464 5616 511 5671 lib.
528 5631 586 5681 ιιιι,
599 5615 679 5685 epist.
694 5613 738 5670 50.
1118 5628 1162 5673 cst
1179 5617 1236 5673 ltaec
1249 5617 1374 5687 epistola.
1387 5617 1488 5673 Verum
1506 5636 1539 5675 ex
1558 5622 1672 5691 epistola
1683 5636 1782 5677 ctttttt
1798 5625 1910 5676 ridetur

312 5688 386 5760 (100)
399 5687 463 5745 lide
474 5686 521 5743 lib.
537 5702 575 5760 ιιι,
589 5689 667 5760 epist.
685 5685 720 5742 26
731 5696 762 5743 et
774 5699 851 5759 seqq.
1118 5701 1198 5760 posse
1209 5687 1297 5759 colligi
1313 5689 1393 5747 istam
1407 5691 1498 5746 datam
1513 5690 1598 5751 inisse
1615 5707 1662 5750 tut
1678 5691 1739 5748 ital.
1750 5691 1908 5749 Februarii.
