4109 6325
257 354 312 412 723
725 342 920 404 insociabili
942 345 976 402 lll
992 344 1044 403 PP.
1065 341 1300 402 uudcstouutt
1319 340 1382 401 ltu.
1403 340 1463 398 xt'.
1840 340 1892 400 'lat

257 467 382 527 concedi.
396 463 465 531 Quia
487 472 550 517 cum
567 473 601 516 er
622 458 765 517 devotione
780 468 806 515 te
818 473 925 517 asseras
943 473 1047 515 assum·
1061 460 1086 519 li
1101 468 1254 528 servarent,
1266 458 1306 515 lta
1316 466 1406 515 tamen
1421 458 1541 529 eiusque
1558 460 1593 516 ad
1603 457 1703 515 iustum
1716 458 1893 520 pentecostes

257 561 346 632 psisse
372 554 539 628 propositum
554 552 581 608 in
598 550 657 607 loco
678 552 807 621 praedicto
820 551 964 609 ecclesiam
982 567 1046 609 con·
1097 552 1171 621 quod
1182 550 1409 608 illideeernerent
1422 550 1590 623 impleretur,
1604 553 1724 625 alioquin
1734 554 1892 613 liceretliti·

256 652 380 710 struendi
394 688 403 719 ,
423 650 549 723 acquires
559 665 591 707 eo
604 649 663 723 plus
675 651 772 707 anima
791 666 845 722 ntro
858 650 949 708 minus
971 650 998 705 in
1014 664 1045 707 ea
1097 645 1225 715 garttibus
1238 646 1272 701 ad
1283 660 1372 702 causa
1382 646 1552 703 nutrimenta
1566 648 1677 714 reverti,
1693 650 1814 721 episcopi
1826 666 1893 708 veru

257 742 365 813 corpori
388 739 553 799 reservabis.
573 739 650 799 Unde
669 741 839 799 devotionem
855 749 928 798 tuam
946 742 1047 798 caltor—
1097 744 1126 792 ct
1145 736 1230 794 abbas
1239 736 1363 807 iamdicti
1386 740 1537 809 procedere
1565 740 1717 795 noluerunt
1744 756 1892 813 quousque

258 846 347 891 tamur
361 834 389 889 in
410 832 525 891 Domino
543 844 677 904 quatenus
691 832 756 889 illud
780 832 912 905 perurere
931 834 1046 890 studeas
1098 828 1292 886 iratellexerunt
1305 842 1399 887 nestro
1417 830 1529 901 speciali
1543 846 1676 903 responso
1687 849 1738 890 nus
1749 835 1777 889 in
1788 838 1892 906 patian-

257 924 328 997 quod
354 924 388 979 ad
411 931 484 979 tuam
503 923 657 981 salutemet
674 922 885 981 ecclesiasticam
910 924 1047 995 pertinere
1097 920 1134 974 tia
1151 919 1288 977 sustinere
1305 927 1334 975 ut
1350 920 1427 992 juxta
1440 924 1513 993 quud
1529 922 1556 978 in
1567 938 1616 981 eos
1627 924 1744 983 iuerata
1764 929 1888 998 partibus

256 1015 424 1087 dignoscitur
442 1014 623 1071 honestatem.
1097 1010 1336 1078 contpmmissum,
1356 1011 1504 1068 dummodo
1522 1013 1591 1093 nibil
1603 1018 1715 1086 penitus
1734 1028 1886 1077 attentara-

292 1108 390 1163 ustum
409 1106 548 1172 Laterani,
575 1122 595 1163 n
618 1105 854 1173 durrastanuartt,
872 1106 1047 1177 pontitianus
1097 1108 1256 1157 corconna
1272 1102 1556 1165 muneremunere
1575 1112 1745 1179 saviationes,
1764 1113 1790 1168 tn
1808 1129 1891 1185 nego·

256 1198 343 1256 riustri
354 1214 426 1255 auno
436 1198 531 1271 quiuto
541 1198 662 1255 decimo.
1098 1189 1135 1249 tiu
1148 1196 1328 1263 procederent
1341 1202 1508 1269 supradicto.
1528 1201 1580 1269 Qui
1592 1204 1703 1261 tandem
1719 1208 1894 1263 concorditer

592 1287 694 1345 Cllcv.
1097 1284 1278 1343 decreverunt
1288 1296 1317 1344 ut
1328 1289 1356 1344 in
1375 1290 1531 1362 episcopatu
1550 1292 1714 1353 virdunensi
1743 1299 1895 1371 episcopus

502 1394 628 1439 satacoao
649 1396 799 1439 rsnvtsrno.
1095 1389 1251 1436 remaneret
1266 1395 1298 1437 ac
1317 1381 1476 1453 magistrum
1489 1384 1511 1441 l.
1524 1386 1557 1441 de
1569 1384 1677 1444 vitreio
1702 1405 1787 1461 usquc
1797 1394 1832 1447 ad
1844 1392 1888 1448 ie·

327 1472 361 1531 Ei
376 1474 493 1531 concedit
510 1475 766 1530 administrationem
783 1475 977 1545 temporalium.
1096 1479 1168 1525 stum
1183 1470 1357 1529 Pentecostes
1371 1474 1398 1528 in
1422 1474 1612 1545 spiritualibus
1635 1495 1783 1541 assumeret
1805 1490 1885 1561 atlg'u·

443 1567 589 1640 (Laterani,
600 1584 628 1624 ιι
641 1568 703 1625 ldus
717 1566 866 1638 ianuarii.)
896 1584 902 1605 ⁸
1097 1570 1193 1619 lemur.
1223 1563 1278 1621 Sed
1300 1565 1365 1624 licet
1389 1569 1465 1625 illurn
1485 1571 1691 1641 diligentissime
1725 1580 1888 1650 requisituri»

293 1659 377 1733 (lviiii
393 1658 472 1715 bicct
493 1658 656 1717 venerabilia
682 1658 769 1716 irater
788 1668 883 1715 noster
902 1659 1046 1730 episcopus
1095 1654 1237 1727 episcopus
1258 1657 1360 1716 babere
1377 1676 1431 1719 uon
1450 1664 1546 1733 possit,
1569 1680 1630 1722 cunr
1654 1668 1735 1725 alium
1757 1673 1886 1729 idoneum

256 1753 450 1811 Cremonensis
466 1751 707 1823 apostolicaesedis
721 1754 865 1825 legatuste
882 1754 917 1811 ab
929 1754 1046 1811 admini·
1098 1749 1218 1819 recipere
1231 1750 1267 1805 sit
1289 1760 1413 1822 paratus,
1438 1758 1549 1826 petebat
1578 1771 1741 1831 procurator
1762 1764 1887 1833 ejusdcm

256 1847 388 1904 atratiune
403 1845 592 1917 temporalium
610 1856 722 1918 pmpter
737 1847 1046 1920 dilapidationis·suspi-
1097 1850 1128 1896 ¹¹¹
1138 1842 1209 1911 (1⁰⁰⁶
1234 1844 1340 1913 vivfiii
1371 1846 1491 1921 iiiicvl?
1511 1866 1573 1907 ivm
1594 1852 1692 1909 abbate
1711 1856 1890 1913 decreverint

229 1996 232 2005 ,
255 1941 363 1997 cionem
379 1938 487 1995 duxerit
502 1938 729 2009 suspendendum.
745 1940 809 2011 quia
822 1948 912 1996 tamen
931 1942 1046 1997 manda·
1096 1931 1271 2001 ‹dgnaremm
1284 1939 1434 2007 apostolica
1443 1942 1593 1999 munimine
1607 1943 1748 2001 roborare.

255 2040 313 2087 tum
339 2030 424 2101 ipsius
447 2030 568 2087 trundum
591 2029 625 2085 ad
642 2039 669 2085 te
695 2030 852 2101 pervenisse
872 2030 1044 2102 proponitur,
1131 2026 1173 2080 dd
1197 2026 1255 2084 baec
1269 2044 1335 2086 reru
1356 2028 1423 2088 dicti
1450 2034 1573 2090 canonici
1593 2038 1794 2107 responderunt
1820 2056 1892 2113 prar-

254 2121 430 2194 praesentium
457 2121 504 2177 tibi
528 2120 690 2178 auctoritate
704 2120 878 2178 concedimus
897 2130 943 2189 ut,
959 2122 1046 2179 donce
1096 2118 1230 2189 scriptum
1243 2123 1468 2191 compromissum
1481 2125 1593 2183 mlulute
1602 2128 1731 2196 tenuisse,
1744 2132 1808 2202 quia
1819 2132 1891 2190 sicut

255 2228 338 2285 super
359 2215 411 2271 lvoc
434 2212 591 2269 ravandatum
613 2212 729 2284 recipias
743 2212 864 2283 episcopi
889 2214 1046 2280 anemorati,
1095 2209 1129 2266 dc
1145 2210 1250 2268 iamusu
1282 2211 1381 2269 delicto
1396 2214 1439 2270 sel
1459 2230 1491 2270 ea
1514 2216 1592 2273 rede
1619 2233 1671 2288 qua
1688 2220 1828 2290 pubiicum
1845 2232 1890 2280 cst

256 2307 402 2363 dummodo
419 2320 473 2361 nnn
490 2306 623 2377 impedias
637 2320 693 2375 quo
708 2303 797 2360 minus
811 2304 882 2360 idem
895 2306 930 2361 ad
946 2304 1046 2377 telpos·
1092 2300 1223 2372 ludicium
1237 2304 1414 2375 constitutum
1440 2322 1493 2362 non
1508 2318 1549 2363 est
1563 2310 1681 2365 erundum
1700 2314 1734 2366 ad
1746 2312 1889 2371 arbitrium

255 2400 292 2455 sit
306 2398 448 2467 pervenire
465 2398 633 2463 mandatum,
649 2395 779 2454 Ecclesiae
793 2407 844 2454 tuae
857 2398 966 2470 negotia
979 2399 1047 2455 ddc-
1095 2392 1244 2448 secuudum
1260 2393 1357 2465 legalia
1370 2395 1507 2466 instituta,
1521 2400 1561 2454 sic
1572 2409 1601 2456 et
1612 2400 1642 2455 ia
1664 2401 1820 2471 huiusmodi
1833 2404 1889 2475 spi-

254 2492 319 2547 liter
337 2491 529 2558 adrninistres;
551 2488 721 2545 iraternitati
738 2496 791 2543 tuae
811 2488 986 2545 nibilominus
1003 2490 1045 2545 in·
1094 2483 1238 2540 ritualibus
1248 2484 1359 2557 dejure,
1373 2502 1425 2544 non
1437 2491 1524 2560 potuit
1538 2491 1564 2546 in
1578 2491 1695 2550 arbitros
1705 2498 1889 2565 compromitti

253 2580 399 2653 iungentes
421 2586 556 2652 quatenos
577 2585 672 2633 contra
696 2574 837 2633 Guertium
861 2586 888 2632 et
908 2578 1045 2648 quoslibet
1095 2574 1143 2644 qui
1159 2575 1248 2631 nrinus
1263 2575 1392 2643 idoneum
1405 2595 1456 2635 uec
1477 2597 1527 2652 per
1547 2582 1756 2654 dispensationis
1769 2588 1890 2658 gratiam

254 2674 323 2732 ulios
338 2672 541 2745 possessionum
559 2669 680 2739 ejusdem
694 2668 824 2729 Ecclesiae
837 2670 976 2726 invasores
995 2685 1045 2741 pro
1095 2664 1276 2724 tolerareucc
1300 2686 1491 2743 autovcreper
1514 2672 1632 2744 rigarem
1661 2674 1774 2746 justitias
1787 2679 1890 2748 potuis·

255 2766 375 2837 ipsarum
387 2761 547 2821 defensione
560 2770 587 2819 te
598 2760 872 2833 opponaseisscaciter
884 2769 912 2818 et
925 2762 1045 2833 prudeu·
1094 2768 1165 2829 sent,
1179 2776 1241 2817 curn
1254 2762 1305 2818 ista
1327 2764 1355 2821 in
1370 2764 1471 2822 talibus
1486 2768 1564 2825 sedes
1582 2770 1732 2840 apostolica
1756 2770 1809 2825 sibi
1827 2786 1890 2840 spe·

256 2866 308 2916 ter.
324 2854 364 2911 Tu
375 2853 503 2923 doninus,
516 2854 602 2909 irater
612 2852 747 2923 episcope,
762 2868 843 2923 super
862 2860 888 2910 te
905 2852 975 2923 ipsu,
987 2862 1040 2909 etc.
1093 2852 1532 2929 cialiterreservaritdllegabant
1543 2866 1676 2929 praterea
1688 2860 1772 2930 qumi,
1782 2861 1890 2917 etiarmi

291 2948 389 3005 Datum
410 2946 547 3015 Laterani,
575 2961 601 3001 vt
625 2945 687 3003 ldus
706 2942 846 3013 ianuarii,
869 2946 1043 3016 pontillcatus
1094 2945 1306 3016 compromissio
1319 2946 1460 3015 tenuisset,
1476 2964 1540 3004 cum
1554 2958 1644 3005 tamen
1664 2950 1803 3006 arbitrium
1816 2950 1889 3007 inira

255 3038 659 3110 nostriauuotpuintodecimo.
1094 3036 1166 3091 diem
1201 3036 1341 3107 prastaam
1367 3038 1451 3095 latum
1477 3055 1530 3095 nort
1563 3040 1647 3097 irretit
1662 3058 1713 3099 uec
1738 3043 1891 3100 corvstitutu

601 3130 694 3190 Cllvl.
1057 3138 1079 3197 fl
1097 3138 1217 3200 ternpore
1230 3130 1417 3203 adimpletum,
1430 3132 1586 3190 conditione
1609 3149 1662 3190 non
1676 3134 1811 3192 existente
1832 3152 1886 3209 ap-

256 3241 352 3285 tuutrt
371 3242 465 3284 stucut
477 3241 592 3295 neuneu,
609 3243 637 3284 u.
655 3240 851 3284 tncntamcono
864 3241 899 3282 ar
912 3239 1045 3282 usutsrnu
1096 3229 1196 3298 posita,
1209 3234 1283 3281 stare
1298 3224 1413 3281 arbitrio
1439 3224 1551 3281 minime
1573 3227 1753 3295 tenebantur;
1770 3244 1890 3301 praeser-

464 3333 490 3374 c.
510 3333 640 3378 enuoutco
659 3334 833 3406 nuaspsmus.
1098 3319 1219 3375 timeum
1235 3316 1326 3385 iuerit,
1342 3326 1372 3371 ut
1394 3315 1532 3383 dicebant,
1545 3319 1688 3376 evidenter
1708 3319 1841 3392 irriguum,
1855 3336 1889 3378 eo

396 3412 435 3467 liu
452 3411 575 3469 electione
593 3413 706 3488 epiceopi
725 3409 897 3468 virdunensis
1095 3409 1167 3479 qrvod
1183 3423 1245 3464 curn
1277 3408 1304 3463 iu
1323 3407 1425 3464 talento
1460 3409 1582 3465 scientiae
1611 3412 1768 3482 specialiter
1792 3414 1890 3470 debeat

431 3503 579 3578 (Laterani,
594 3520 644 3562 xru
658 3503 717 3562 lial.
733 3502 884 3575 ianuarii.)
1096 3499 1210 3556 bomine
1233 3499 1366 3571 negotiari
1391 3499 1536 3574 praelatus,
1562 3517 1595 3557 ac
1620 3503 1735 3559 niarium
1770 3505 1889 3573 patiatur

292 3595 367 3668 (151)
383 3594 545 3652 Curretitutis
564 3595 591 3651 ln
607 3603 698 3651 nostra
710 3593 854 3664 praesentia
867 3591 968 3648 dilecto
988 3590 1045 3649 illio
1095 3591 1256 3649 litterature
1270 3592 1405 3676 delectum
1416 3593 1561 3664 episcopus
1576 3597 1760 3666 supradictus,
1774 3595 1889 3666 aliisque

254 3685 383 3744 Aruselmo
404 3685 501 3743 abbate
523 3685 632 3743 Sanctae
643 3685 1045 3744 llariaedeStannoPraemon-
1095 3682 1235 3741 decausis
1258 3683 1356 3740 electio
1380 3683 1440 3755 elus
1459 3688 1580 3743 caruerit
1606 3689 1706 3746 robore
1735 3690 1889 3758 firmitatis,

255 3779 400 3836 stratensis
425 3779 529 3836 ordinis
552 3789 730 3850 procuratore
758 3778 923 3837 venerabilia
949 3777 1045 3834 iratris
1095 3793 1157 3836 euru
1171 3778 1386 3851 subspeaurilii
1402 3779 1496 3848 alieni,
1524 3779 1691 3851 coadjutoris
1708 3781 1844 3851 videlicet,
1860 3784 1889 3840 iu

256 3873 344 3930 nostri
360 3872 538 3931 virdunensis
556 3873 676 3945 episcopi
698 3887 730 3928 ea
747 3882 824 3945 parte
839 3889 903 3936 una,
918 3881 945 3929 et
957 3872 1045 3944 magi·
1096 3871 1199 3926 lrouore
1224 3885 1257 3926 ac
1281 3886 1366 3928 onere
1384 3872 1530 3942 pastoralis
1555 3870 1637 3929 oflicii
1658 3873 1768 3931 tolerari
1787 3884 1816 3932 et
1833 3875 1889 3932 beo

255 3965 360 4023 atrisll
396 3973 424 4023 et
446 3963 479 4021 G.
502 3965 642 4022 canonicis
666 3965 793 4022 Ecclesiae
809 3966 988 4023 virdunensis
1010 3981 1044 4022 cx
1095 3960 1326 4019 iuitcoutmrium
1344 3962 1887 4022 etbouestatiecclesiasticaeinimicum.

256 4038 353 4124 alteia,
378 4071 428 4127 pro
446 4065 523 4126 parte
552 4055 604 4111 luit
622 4056 741 4127 episcopi
758 4057 926 4128 propositum
952 4072 1043 4114 corant
1095 4051 1149 4110 Pro
1165 4055 1244 4110 tertio
1256 4055 1364 4125 quidem
1381 4055 1456 4110 socio
1470 4054 1625 4127 adjecerunt
1652 4057 1740 4128 ipsum
1770 4074 1823 4116 nec
1841 4074 1889 4115 ar-

255 4148 334 4206 nobis
348 4148 433 4220 quod,
445 4163 506 4204 cum
520 4161 630 4203 causant
643 4162 702 4218 qttte
719 4147 790 4204 iuter
802 4148 926 4204 eumdem
938 4149 1043 4217 cpisco-
1096 4146 1183 4202 bitros
1208 4145 1431 4218 compromisisse
1461 4147 1616 4216 pradictus,
1635 4162 1687 4204 nec
1700 4158 1789 4204 ratum
1814 4149 1889 4220 ipso·

254 4255 320 4316 pum
336 4253 418 4311 super
438 4239 571 4297 electione
593 4240 678 4310 ipsius
694 4248 720 4294 ct
735 4239 822 4296 dictos
844 4241 992 4307 canonicos
1013 4255 1045 4296 ac
1095 4252 1155 4293 rum
1179 4235 1322 4293 arbitrium
1349 4237 1488 4305 babuisse,
1516 4237 1593 4309 cujus
1609 4238 1644 4294 ad
1659 4239 1749 4294 minus
1779 4240 1891 4297 numine

254 4338 289 4391 A.
312 4347 406 4389 eorum
431 4333 587 4388 consocium
613 4332 770 4388 vertebatur
794 4332 942 4390 venerabili
964 4333 1044 4389 tratri
1095 4337 1286 4398 procuratores
1297 4328 1445 4385 existentes
1469 4328 1565 4399 ipsius,
1585 4329 1658 4386 dicta
1688 4330 1798 4386 testium
1827 4347 1890 4403 quas

255 4433 351 4482 nostro
365 4421 493 4478 licldcusi
514 4421 641 4493 episcopo
666 4429 694 4476 ct
712 4421 770 4476 suis
789 4419 978 4491 conjudicibus
993 4421 1045 4478 sub
1096 4417 1239 4475 trtemorati
1253 4417 1549 4489 lleldcnsisepiscopus
1567 4427 1595 4475 et
1608 4421 1650 4476 sui
1681 4420 1836 4489 conjudices
1853 4421 1890 4478 ad

255 4527 331 4574 certa
360 4516 446 4572 lorma
468 4515 626 4571 duxerimus
641 4514 878 4580 'corrrmittendam
897 4529 930 4571 ac
950 4529 1043 4570 coram
1060 4486 1189 4567 ”sedem
1204 4511 1379 4582 apostolicam
1406 4515 1575 4570 destinarant
1590 4515 1722 4584 publicari
1746 4517 1890 4584 petebant,

254 4610 357 4667 eisdem
375 4609 514 4682 judicibus
530 4608 556 4663 in
576 4607 691 4679 negotiu
715 4607 912 4679 procederetur
934 4609 1043 4674 eodem,
1096 4611 1126 4658 ut
1140 4603 1210 4660 idem
1236 4612 1330 4673 posset
1346 4605 1483 4674 negotium
1500 4607 1527 4660 in
1548 4613 1642 4661 nostra
1666 4605 1812 4676 presentia
1833 4617 1889 4661 ter-

254 4704 416 4776 quibusdam
441 4702 507 4759 viris
537 4702 673 4773 religiosis
692 4699 925 4771 interponentibus
950 4710 1045 4771 partes
1095 4693 1204 4751 atinati·

254 4811 318 4851 suas
332 4805 363 4851 ut
377 4795 411 4850 ad
426 4793 556 4851 bonorem
575 4794 623 4849 llei
636 4801 666 4849 et
676 4791 821 4848 utilitatem
839 4789 968 4846 Ecclesia
984 4791 1045 4850 viv·
1131 4793 1199 4850 Pars
1220 4801 1313 4850 autem
1334 4793 1450 4850 adversa
1468 4796 1607 4866 respondit
1621 4796 1693 4865 quod
1718 4795 1778 4851 haec
1792 4811 1890 4863 causa,

256 4887 388 4944 dunensis
403 4886 473 4953 inter
486 4901 534 4943 eos
548 4893 640 4957 posset
661 4884 805 4942 concordia
821 4882 975 4951 reformari,
997 4882 1045 4938 bo-
1095 4886 1161 4943 licet
1195 4887 1347 4956 spiritualis
1388 4889 1540 4955 existeret,
1571 4888 1637 4944 satia
1671 4897 1763 4946 tamen
1805 4905 1891 4945 caue

254 4993 352 5034 norum
374 4977 495 5034 virorum
515 4975 631 5033 consilio
653 4975 758 5042 babitu,
778 4973 853 5030 salva
870 4975 897 5030 in
918 4972 1044 5030 omnibus
1096 4978 1157 5035 nice
1190 4979 1278 5050 potuit
1308 4995 1358 5050 per
1382 4981 1526 5051 dicturumj
1551 4980 1750 5036 ordinationem
1785 4980 1889 5046 decidi,

256 5070 414 5142 apostolieae
432 5068 694 5134 sedisauctoritnte,
710 5067 736 5122 in
754 5065 921 5124 venerabiles
943 5064 1044 5120 iratres
1095 5085 1162 5140 quos
1197 5085 1251 5152 nou
1297 5080 1327 5125 ut
1360 5070 1492 5137 arbitros,
1524 5069 1572 5127 sed
1600 5073 1676 5141 pacis
1711 5073 1887 5144 provisores,

254 5171 361 5218 ruostros
375 5161 611 5228 catalaunensem,
627 5161 825 5233 lingonensem
840 5167 869 5215 et
882 5157 1044 5214 luccensem
1095 5163 1163 5223 viris
1180 5161 1314 5233 religiosis
1340 5163 1521 5221 mediantibus
1532 5163 1698 5240 ⁴elegerunt;
1719 5165 1765 5236 qui
1788 5179 1887 5234 appru-

255 5255 397 5327 episcopos
414 5271 446 5312 ac
462 5254 590 5312 dilectum
607 5253 691 5310 lilium
715 5254 843 5310 abbatem
862 5249 1044 5307 Trium-Fon·
1094 5253 1160 5312 bare
1173 5254 1465 5326 poterantelectinncm
1478 5270 1510 5310 ac
1520 5257 1754 5312 consecrationem
1767 5255 1887 5326 episcopi

255 5347 324 5402 tium
339 5347 576 5418 compromiserint
587 5346 744 5417 juramento
758 5343 916 5415 interposito
930 5343 980 5399 sub
992 5339 1044 5396 hac
1094 5347 1138 5403 cui
1153 5346 1224 5402 nibil
1236 5346 1364 5402 obviabat
1378 5346 1412 5401 de
1425 5346 1565 5402 canonicis
1581 5347 1724 5413 institutis,
1736 5353 1766 5401 et
1776 5347 1886 5402 etiamsi

255 5436 353 5503 lurma,
364 5439 492 5516 videlicet
502 5439 573 5509 quod
584 5454 617 5494 ca
628 5453 689 5509 quae
699 5452 780 5509 super
793 5437 837 5492 illo
851 5436 958 5508 negotiu
976 5435 1043 5492 dicti
1095 5439 1166 5495 lorte
1179 5439 1270 5494 miurus
1288 5437 1414 5493 idoneum
1434 5436 1615 5506 invenissent,
1628 5439 1711 5494 tacite
1725 5439 1883 5509 reprobare,

255 5529 374 5600 episcopi
384 5527 1044 5599 cunrabbatcsimuletconcordltcvusqucadlcs·
1094 5527 1358 5585 mandanteseidem
1379 5528 1431 5584 sub
1452 5529 1544 5583 debito
1567 5529 1680 5597 praestiti
1692 5527 1839 5596 iuramenti
1854 5534 1885 5581 ut

256 5629 311 5677 tum
324 5621 524 5682 Puriilcatiunis
531 5633 691 5694 statuerent,
701 5626 765 5698 ipsa
773 5632 863 5697 partes
872 5623 987 5680 drmiter
995 5622 1045 5678 ob-
1095 5615 1206 5675 cedendi
1220 5617 1358 5673 licentiam
1371 5631 1386 5670 a
1399 5617 1620 5687 sedeapostolica
1633 5617 1792 5689 postularet.
1806 5616 1885 5674 Dicat

258 5730 365 5860 ¹6(olii)
384 5733 451 5793 vide
466 5733 550 5804 inira,
562 5735 641 5806 epist.
656 5733 717 5805 lli,
733 5743 761 5793 et
771 5735 819 5794 lib.
835 5746 891 5804 xur,
902 5734 982 5806 epist.
998 5733 1032 5791 19
1130 5733 1206 5806 (tit)
1223 5732 1290 5790 vide
1300 5731 1346 5792 lib.
1358 5731 1485 5807 tropici.
1499 5728 1559 5790 161.
