4109 6325
228 292 280 349 627
679 278 876 339 trtttocsrlrrt
895 283 929 340 tlt
949 281 1000 339 ΡΙ).
1021 284 1257 343 nucustontltt
1276 287 1340 344 tttl.
1362 288 1418 345 XV.
1808 294 1862 353 σεε

228 400 373 461 maledicto
393 403 422 454 et
441 392 677 452 excommunicato
696 392 798 465 pnlsari
823 394 951 467 precihus
964 405 1058 465 nont
1078 398 1178 457 babere
1205 407 1330 471 poterant
1356 399 1527 471 pleniorem,
1556 402 1629 472 quod
1644 403 1671 459 in
1696 408 1862 465 morrasterio

230 492 367 559 sustinuit,
384 484 708 558 sedprereniteumdem
723 502 731 555 ;
749 496 777 543 et
793 488 941 545 morensin
961 490 1019 561 ipsa
1070 488 1173 546 lrrritns
1197 490 1303 562 positus
1316 489 1398 547 fereris
1421 492 1536 547 sescire
1558 491 1675 549 firmiter
1695 507 1859 566 asserentes,

228 590 339 648 civitate
351 582 523 648 discordiam,
539 590 567 637 et
580 595 731 651 provocans
744 581 816 641 bello
830 583 915 652 cives,
929 582 970 640 eis
986 583 1020 639 da
1070 582 1159 655 ipsum
1175 580 1202 638 in
1226 596 1320 639 mense
1337 580 1461 653 Augusto
1475 584 1602 654 proximo
1618 584 1752 643 adfuturo
1776 589 1860 647 trice

227 678 380 758 prestanda
394 675 526 731 fidelitate
539 674 591 746 ipsi
607 673 699 733 ottoni
711 675 746 733 ab
760 678 858 733 codem
870 677 1019 733 commoni·
1068 676 1168 733 simum
1180 676 1289 732 tertium
1303 673 1346 730 rel
1360 675 1395 729 ad
1408 675 1470 746 plns
1489 676 1656 734 tricesimum
1669 688 1797 749 quartum
1810 697 1860 739 an·

232 774 278 840 tis,
293 780 322 826 et
335 784 385 825 cur
398 767 449 824 boc
461 766 563 823 faceret
576 768 795 838 sciscitantibus,
814 768 854 825 sic
867 767 1016 838 respondit,
1069 780 1133 821 num
1147 779 1202 821 sne
1215 765 1413 835 completurum
1428 767 1585 823 fatebantur
1598 769 1707 836 etatis,
1722 770 1856 828 addentes

225 862 297 932 quod
312 856 430 915 malebat
446 858 560 915 honoris
577 859 681 932 proprii
695 872 777 930 quam
790 874 882 915 rernm
907 874 1018 915 suarum
1065 852 1123 923 jans
1138 868 1238 909 annum
1250 855 1409 911 vicesimum
1420 856 1559 915 effluxisse
1574 858 1647 929 quod
1663 875 1679 915 a
1694 863 1860 921 ntonasterio

225 954 366 1011 incurrere
378 948 573 1005 detrimentum
587 991 595 1017 ,
607 957 635 1006 et
648 949 724 1006 reddi
742 949 794 1006 sihi
810 948 913 1005 faciens
924 948 1019 1005 cirita·
1069 948 1139 1004 idem
1153 947 1184 1003 P.
1197 949 1292 1004 habitu
1304 948 1410 1021 abjecto
1425 961 1589 1021 recesserat,
1604 955 1639 1010 ad
1659 953 1725 1011 illud
1745 956 1859 1014 alterins

225 1053 292 1112 tem,
319 1043 353 1098 ad
373 1039 554 1097 exhihendam
585 1041 610 1097 ei
641 1040 799 1097 fidelitatem
820 1048 849 1097 et
865 1038 1016 1096 hominium
1068 1054 1122 1096 noa
1133 1053 1266 1096 reversos.
1279 1040 1318 1096 Er
1330 1057 1444 1113 quorum
1462 1044 1631 1116 depositione
1650 1050 1766 1119 patebat
1779 1065 1858 1107 eom

223 1144 393 1207 spontaneus
408 1141 437 1189 et
449 1133 508 1190 sine
523 1132 680 1189 inductione
693 1132 807 1203 alicujus
822 1130 963 1197 accessit,
982 1130 1017 1185 ad
1068 1133 1129 1189 dem
1154 1133 1184 1188 P.
1209 1134 1327 1189 nondum
1348 1149 1449 1191 annum
1468 1149 1595 1207 qrrartum
1619 1140 1773 1211 decimum,
1796 1158 1858 1199 enm
1888 1134 1891 1137 ’

223 1224 300 1285 idem
325 1238 390 1281 suos
404 1224 545 1291 concines,
561 1236 630 1293 quos
644 1236 773 1279 revocare
797 1222 922 1291 debebat,
939 1222 1018 1277 indu·
1068 1225 1185 1282 recessit
1207 1225 1303 1283 ultimo
1327 1242 1343 1282 a
1370 1239 1521 1288 uremorato
1543 1235 1719 1303 monasterio,
1734 1237 1856 1309 comple·

225 1334 312 1389 cens,
334 1328 363 1375 et
390 1333 441 1373 nee
461 1316 752 1374 excommunicationis
778 1316 940 1373 sententiam
965 1329 1017 1371 nce
1066 1314 1148 1371 risse.
1163 1314 1219 1372 h'os
1236 1316 1349 1388 inserper
1362 1319 1397 1373 ad
1418 1320 1554 1377 cantelam
1575 1338 1657 1396 super
1671 1324 1856 1400 investiganda

222 1410 336 1482 perjurii
349 1418 441 1467 uotam
457 1415 590 1474 metuens,
604 1423 685 1478 qrram
703 1422 737 1464 ex
755 1408 807 1463 hoc
826 1408 971 1464 incurrere
986 1421 1017 1463 se
1067 1406 1172 1479 plenius
1191 1409 1304 1466 recitate
1325 1411 1413 1482 ipsum
1441 1416 1615 1473 conscientie
1636 1420 1753 1489 proprie
1776 1436 1854 1477 com·

222 1500 339 1567 sciebat,
359 1497 383 1555 ei
398 1496 559 1554 familiarius
574 1511 631 1567 pre
651 1496 759 1554 ceteris
771 1496 876 1569 Apuliae
896 1494 1016 1568 prelatis
1067 1497 1225 1566 mittentes,
1241 1514 1274 1558 er
1297 1502 1356 1573 ejus
1377 1504 1554 1576 responsione
1572 1508 1710 1567 tenuimus
1732 1513 1802 1581 qnod
1815 1513 1855 1569 in·

225 1590 349 1657 ecthesis,
382 1590 435 1647 sibi
461 1587 606 1647 nranifeste
633 1590 661 1644 ia
690 1598 810 1645 nostram
838 1589 966 1661 injuriam
987 1597 1016 1645 et
1067 1588 1138 1646 ritus
1150 1590 1177 1645 in
1192 1595 1358 1650 monasterio
1374 1596 1490 1665 positus,
1507 1613 1557 1655 ncc
1567 1599 1594 1655 in
1609 1601 1699 1658 medio
1711 1617 1857 1660 consense-

223 1683 331 1753 replum
347 1680 516 1753 dispendium
530 1680 714 1751 obsequendo.
736 1680 864 1737 Nolentcs
887 1681 971 1752 igitur
985 1689 1015 1736 ut
1066 1688 1126 1749 rat,
1137 1697 1189 1739 nec
1204 1682 1231 1737 in
1249 1683 1303 1741 flrre
1316 1685 1384 1756 (st).
1398 1687 1467 1744 Cum
1488 1690 1570 1762 igitur
1580 1701 1689 1747 cautum
1704 1694 1857 1764 reperiatur

223 1776 315 1832 dictus
328 1774 473 1845 episcopus
493 1788 525 1827 ex
539 1786 572 1828 eo
594 1771 665 1844 quod
688 1771 767 1827 molle
782 1787 812 1829 se
837 1772 955 1827 assernit
965 1771 1015 1828 bo·
1029 1760 1053 1822 h
1067 1768 1095 1824 iu
1108 1784 1215 1826 canone
1229 1772 1382 1831 ulminoris
1395 1778 1483 1834 etatis
1497 1778 1581 1847 llliis,
1599 1781 1646 1851 ptri
1661 1783 1745 1839 oblati
1761 1800 1856 1842 mona·

222 1867 300 1924 noris
324 1864 426 1936 proprii
455 1880 536 1936 quom
565 1878 657 1920 rernm
682 1878 794 1919 snarnm
821 1864 1014 1921 detrimentum
1067 1862 1151 1918 sterio
1165 1862 1275 1933 fuerint,
1290 1866 1472 1937 suscipientes
1492 1870 1617 1927 habitum
1633 1873 1676 1929 sel
1696 1883 1855 1942 tonsuram,

221 1958 365 2016 incurrere
383 1957 539 2021 mentiatur,
555 1954 720 2011 fraternitati
737 1963 789 2011 tue
803 1970 851 2025 pcr
867 1955 1014 2025 apostolica
1066 1952 1119 2025 sija
1133 1954 1252 2023 prelatis
1266 1956 1322 2013 suls
1336 1972 1407 2015 anno
1425 1961 1521 2031 quinto
1539 1962 1645 2020 decimo
1669 1966 1793 2037 reqtrisiti
1805 2007 1813 2034 ,
1825 1982 1856 2026 se

221 2048 325 2119 scripta
340 2047 501 2111 mandamus
511 2055 539 2103 et
551 2046 673 2103 districte
695 2045 868 2115 precipimus
880 2053 1014 2116 quaterms
1065 2042 1094 2099 in
1111 2053 1256 2115 assumpte
1270 2044 1408 2117 religionis
1427 2049 1566 2120 proposito
1585 2054 1776 2111 conserrserint
1790 2070 1854 2126 pcr-

222 2140 347 2196 eumdenr
362 2138 436 2195 omni
454 2137 635 2210 appellatione
650 2143 774 2193 cessante
787 2134 828 2207 Qab
846 2134 934 2192 obicio
947 2152 1015 2207 pon·
1065 2150 1219 2200 mansuros,
1235 2138 1384 2207 penitendi
1399 2137 1508 2195 licentia
1521 2142 1715 2211 precludatur,
1734 2146 1856 2217 alloquia

221 2230 315 2289 librali
330 2230 490 2301 suspendas,
506 2238 628 2301 exparte
641 2239 733 2285 nostra
750 2221 1032 2299 llrmiterinjunpens'
1066 2227 1106 2283 eis
1126 2242 1179 2283 non
1206 2227 1342 2285 adimatur
1356 2230 1390 2286 ad
1410 2230 1539 2287 saeculnm
1566 2234 1698 2291 redeundi
1724 2235 1853 2304 facultas,

225 2322 315 2380 eidem
330 2330 361 2378 ut
377 2320 448 2378 infra
472 2330 530 2377 tres
551 2334 660 2377 aienses
684 2328 778 2375 nostro
801 2332 830 2374 se
851 2317 1010 2389 conspectui
1066 2332 1100 2373 ne
1115 2327 1209 2374 coacta
1228 2328 1359 2390 prestare
1380 2322 1436 2377 heo
1453 2322 1566 2379 servitia
1586 2323 1742 2394 rideantur,
1756 2327 1855 2384 frater·

221 2423 410 2487 representet.
438 2414 567 2485 Alioquin
591 2415 680 2485 ipsum
707 2428 741 2468 ex
761 2420 824 2467 tnnc
839 2411 949 2468 uinculo
966 2424 1014 2469 ex·
1065 2406 1143 2463 nitati
1155 2416 1208 2465 tue
1219 2410 1538 2484 perapostolicascripta
1550 2418 1856 2491 mandemusquatenns

220 2506 479 2563 communicationis
500 2505 643 2569 innodans,
673 2503 788 2559 mandes
811 2500 932 2572 capitulo
945 2500 1011 2557 llel·
1064 2497 1238 2568 sepedictum
1248 2499 1278 2556 P.
1291 2502 1433 2559 occasione
1445 2504 1625 2561 monachatus
1638 2506 1710 2563 illius
1721 2525 1736 2563 a
1748 2510 1855 2565 nemine

220 2596 299 2655 benai
324 2608 354 2655 ut
375 2598 427 2655 sibi
457 2598 617 2668 provideam
640 2609 786 2667 personam
812 2594 936 2650 idoneam
964 2608 1013 2664 per
1066 2589 1204 2647 molestari
1217 2594 1377 2663 permittas,
1392 2610 1473 2666 qoem
1488 2596 1524 2652 ob
1536 2598 1587 2654 hoc
1610 2598 1737 2656 nolumus
1754 2611 1855 2656 tonuere

222 2690 386 2749 electionem
403 2691 562 2745 canonicam
579 2688 605 2742 in
618 2697 768 2759 pastorem.
1065 2682 1188 2751 impediri
1220 2685 1366 2753 quominus
1391 2685 1604 2745 ecclesiasticnm
1639 2691 1728 2746 valeat
1755 2692 1856 2747 belteil·

174 2774 177 2781 ’
255 2777 353 2835 lictum
377 2778 514 2845 Laterani,
526 2778 597 2835 Non.
618 2777 703 2847 lunii,
730 2778 903 2848 pontificatus
925 2777 1012 2836 nostri
1064 2770 1138 2827 cium
1158 2774 1293 2843 obtinere,
1308 2778 1331 2833 si
1343 2777 1484 2849 quisalias
1501 2776 1568 2836 illud
1582 2778 1634 2837 sibi
1647 2782 1754 2837 duxerit
1772 2798 1855 2837 cano·

220 2870 402 2940 annoquinlo
416 2869 527 2927 decimo.
1064 2862 1340 2922 niceronfercndum.

255 2958 291 3017 fn
313 2961 434 3017 eumdem
448 2961 502 3033 fere
515 2962 621 3015 modum
645 2960 772 3032 scriptum
795 2971 833 3019 est
854 2980 935 3036 snper
962 2965 1011 3021 boe
1100 2954 1197 3010 hatum
1215 2955 1353 3026 Laterani,
1371 2960 1461 3019 ldihus
1474 2962 1564 3031 lunii,
1578 2963 1749 3035 pontillcalus
1765 2965 1852 3019 nostri

218 3050 336 3122 eapltrdo
356 3049 489 3121 lfelpiensi
502 3068 583 3123 omne
598 3068 646 3123 per
663 3052 826 3110 electionem
849 3055 1010 3113 canonicam
1025 3094 1047 3155 c
1064 3062 1137 3104 enno
1151 3047 1372 3120 quittludecimo·

221 3231 276 3290 lica
305 3235 406 3304 scripta
439 3234 601 3291 mandamns
626 3244 655 3292 et
686 3236 807 3293 districtc
839 3240 1012 3312 precipimus
1042 3227 1048 3234 ’
1100 3253 1127 3293 o.
1147 3252 1244 3295 austri
1264 3254 1428 3298 nonnsrenrr
1447 3257 1542 3299 sancrr
1563 3257 1661 3299 ensem
1681 3257 1715 3297 ns
1733 3256 1819 3300 ccmo

219 3331 355 3394 quatenus
370 3323 529 3380 mandatum
548 3325 726 3396 apostolicum
744 3343 793 3396 per
810 3329 935 3386 eurndern
953 3329 1011 3387 llu-
1316 3348 1441 3389 renunes
1461 3348 1599 3392 uroecesrs.

220 3429 317 3474 rannm
344 3418 501 3491 episcopum
518 3419 673 3492 suscipiatis
694 3421 834 3480 humiliter
850 3433 878 3482 et
895 3424 1011 3484 fideliter
1255 3424 1326 3478 Eum
1339 3426 1451 3480 restitnit
1463 3441 1520 3481 sete
1532 3425 1654 3480 notarie.

218 3507 379 3568 observetis.
1274 3514 1424 3586 (Laterani,
1439 3515 1526 3573 rldus
1540 3516 1637 3580 funiil

1098 3607 1166 3664 Cum
1191 3608 1307 3665 dilectus
1327 3608 1399 3665 llius
1413 3606 1445 3666 fi.
1470 3609 1635 3666 venerabilis
1658 3609 1753 3668 fratris
1766 3611 1851 3668 nostri

1063 3699 1185 3757 Firmani
1200 3701 1320 3772 episcopi
1335 3708 1498 3771 procurator
1512 3709 1601 3758 wcum
1623 3703 1658 3758 ad
1673 3704 1768 3760 sedem
1782 3719 1852 3774 apo-

1062 3791 1186 3848 stolicam
1200 3793 1380 3860 accessisset,
1400 3803 1428 3850 et
1443 3793 1572 3849 dilectum
1594 3793 1679 3850 lilium
1693 3794 1726 3852 G.
1741 3796 1853 3851 subdia·

1063 3897 1161 3940 corium
1172 3892 1200 3939 ct
1211 3884 1380 3954 capellanum
1390 3894 1514 3942 ruostrum
1527 3887 1605 3942 robis
1619 3887 1851 3946 concessissemus

221 3140 250 3198 in
264 3150 412 3214 pestorani.
426 3141 542 3213 ldeoone
557 3142 714 3200 discretioni
729 3154 826 3203 vestre
838 3160 887 3219 per
900 3156 1011 3218 aposto·

572 3607 664 3666 lel'l.

412 3713 579 3755 sustinueris}
592 3715 810 3756 ancsreerscoro.

218 3852 223 3870 Β
302 3788 389 3846 Nemo
407 3791 466 3859 copi
480 3792 556 3846 debet
573 3793 670 3848 innitur
682 3793 717 3846 sd
728 3793 924 3850 roronnclrnlnrn.

427 3883 577 3954 (leterani,
589 3884 678 3942 ldihns
691 3884 785 3956 lunii.)

256 3975 451 4032 delectationes
463 3991 532 4047 onas
543 3977 621 4034 nohis
635 3994 717 4051 super
734 3979 897 4036 monachatu
918 3979 1009 4036 dilecti

220 4064 304 4122 filiiP.
313 4068 346 4123 de
354 4065 438 4123 Bolon
452 4066 612 4126 Viennensis
623 4071 747 4128 corrourici
765 4071 939 4128 transmisisti
956 4072 1008 4140 legi

217 4159 335 4216 lecimus
354 4175 445 4216 coram
471 4160 561 4227 nohis,
575 4171 603 4218 et
622 4163 750 4220 universa
777 4163 932 4220 notavimus
945 4164 1008 4218 dili·

218 4258 333 4321 pentec:
354 4259 382 4306 et
404 4251 468 4308 licet
490 4252 602 4322 putidam
622 4254 655 4310 de
678 4255 819 4311 monachis
845 4256 1010 4324 deponerent

218 4349 313 4396 contra
327 4341 415 4412 ipsum
431 4343 502 4414 quod
518 4357 579 4398 euni
595 4352 625 4399 ut
648 4346 811 4400 monachum
826 4345 852 4400 in
868 4353 1008 4402 monaste·

1063 3976 1166 4046 pariter
1179 3977 1344 4043 auditorem,
1360 3991 1453 4033 coram
1473 3992 1507 4035 eo
1526 3993 1680 4050 proponere
1697 3977 1850 4049 procurasti

1063 4067 1135 4137 qnod
1147 4067 1291 4123 cumidem
1309 4067 1452 4139 episcopus
1465 4075 1491 4123 te
1506 4067 1640 4125 amoverit
1652 4069 1756 4139 absone
1769 4083 1850 4123 causa

1064 4157 1247 4212 rationabilia
1264 4158 1395 4229 regirrrine
1418 4159 1545 4228 abbatie,
1561 4166 1623 4230 post
1643 4157 1850 4229 appellationem

1063 4246 1096 4301 ad
1111 4261 1160 4302 nos
1173 4246 1293 4318 legitime
1312 4248 1501 4319 interpositam
1516 4259 1542 4306 te
1554 4249 1660 4307 carceri
1682 4250 1850 4318 ntarrciparo,

1064 4335 1249 4393 'flueobaldum
1271 4340 1434 4395 nronachum
1456 4340 1577 4408 eiusdem
1597 4339 1730 4396 Ecclesie
1749 4339 1850 4394 ibidem

218 4433 309 4490 rtods
330 4433 419 4490 fnsula
439 4435 466 4489 in
487 4437 585 4508 triplici
605 4445 679 4492 statu
703 4435 831 4504 viderint,
853 4438 880 4493 in
898 4438 1004 4494 scholis
1024 4428 1172 4494 protrusit
1191 4444 1239 4500 per
1255 4429 1437 4486 similist-“⁰³⁰¹
1463 4431 1635 4501 Psiliiiieffl·
1660 4431 1761 4487 Velim
1787 4447 1849 4486 curn

216 4523 355 4594 videlicet,
372 4525 459 4583 forma
478 4537 505 4582 ct
532 4529 616 4584 choro
630 4569 639 4596 ,
653 4528 764 4598 ecquod
783 4545 885 4586 annum
899 4539 1007 4586 sertum

219 4617 356 4674 decimum
373 4634 434 4675 cum
457 4619 603 4676 abeodem
624 4621 736 4676 recessit
757 4621 922 4677 monasterio
935 4637 1011 4679 com·

216 4707 355 4779 plevisset,
371 4708 462 4778 plures
479 4717 569 4764 tamen
581 4721 630 4778 pro
640 4723 673 4764 eo
687 4701 876 4780 qrranr'conrra
886 4712 920 4768 de
934 4713 1010 4768 testi·

217 4797 422 4854 hnsfnciebant.
442 4799 610 4856 Protrahatur
623 4801 723 4856 etenim
740 4801 811 4873 quod
823 4804 944 4873 profiteri
959 4819 1008 4859 no·

1064 4520 1263 4577 venerabilibus
1287 4519 1418 4578 fratribus
1439 4524 1542 4580 nostris
1558 4522 1693 4578 Escrrlano
1711 4523 1801 4593 primo
1821 4531 1851 4576 ct

1063 4612 1171 4667 dcrnnrn
1190 4611 1361 4668 Anconitano
1374 4613 1510 4683 episcopis
1529 4627 1640 4668 causam
1653 4612 1740 4681 ipsam
1755 4612 1851 4667 termi-

1062 4707 1182 4761 trandum
1203 4705 1420 4761 commiserimus
1434 4705 1605 4776 singillatim,
1620 4714 1648 4762 et
1672 4705 1744 4760 idem
1761 4704 1851 4758 buco-

1062 4797 1187 4860 nitauus,
1202 4794 1319 4866 cognitis
1341 4810 1430 4851 cause
1446 4796 1561 4862 meritis,
1578 4802 1605 4850 te
1619 4794 1783 4849 anctoritate
1802 4808 1851 4846 no·

217 4887 299 4944 luerit
311 4897 365 4946 eta
384 4892 549 4947 leonasterto
565 4892 700 4961 aufugerit
714 4905 923 4963 memorato,se
938 4896 1008 4952 nolle
1061 4899 1118 4944 stra
1144 4887 1343 4944 sententialiter
1365 4889 1399 4944 au
1422 4888 1523 4943 dietam
1539 4886 1736 4942 restituendum
1755 4885 1851 4939 derre-

217 4979 386 5047 rrspondens
404 4981 430 5035 ln
445 4981 607 5038 monachum
620 4983 769 5040 secundum
784 4986 1007 5042 consuetudinem
1060 4978 1132 5034 serit
1155 4978 1310 5044 blebem,
1337 4979 1426 5036 (lando
1446 4979 1481 5035 ll·
1512 4971 1636 5035 Feriettsi
1663 4976 1797 5032 mostello
1821 4976 1849 5032 in

216 5070 375 5126 monasterii
391 5071 514 5128 benedici
525 5081 553 5126 et
567 5071 657 5130 faeere
674 5073 871 5144 professionem
885 5076 1008 5142 ibidem,
1061 5070 1196 5127 ntettdalls
1214 5081 1244 5127 ul
1257 5072 1291 5128 ed
1303 5071 1392 5127 fucum
1412 5073 1545 5128 accedeus
1564 5070 1753 5142 personaliter,
1769 5081 1851 5121 0¹⁵⁰·

216 5173 249 5214 cr
265 5169 343 5229 parte
358 5161 633 5231 requisitusahhatis,
647 5163 755 5234 quiaibi
767 5175 795 5220 et
809 5164 1008 5235 posituslucrat
1059 5160 1161 5216 curioni
1185 5162 1329 5218 mandaret
1348 5161 1512 5217 sentemiam
1537 5159 1755 5232 promulgatam,
1772 5157 1849 5212 idern

214 5261 243 5308 st
268 5255 428 5315 morabatur
449 5255 560 5320 inritus,
587 5263 615 5311 et
637 5255 709 5327 qnod
731 5257 817 5313 abbas
839 5257 933 5325 etiam,
956 5258 1008 5314 boc
1060 5251 1210 5308 monachus
1231 5253 1258 5308 id
1279 5267 1333 5308 rron
1356 5251 1613 5323 potuitadlrnplere,
1642 5265 1694 5320 pro
1715 5264 1749 5305 eo
1773 5247 1850 5318 qnod

215 5346 319 5412 audito,
344 5347 420 5403 illum
449 5348 563 5403 inritum
592 5349 754 5404 monachum
776 5364 806 5406 se
832 5320 931 5406 dixerit
954 5365 1006 5404 non
1059 5345 1189 5415 prelatus
1210 5343 1384 5400 'flueohaldus
1405 5358 1488 5399 manu
1514 5344 1566 5400 sibi
1583 5343 1684 5398 restitit
1710 5341 1847 5399 violenta.

215 5434 358 5512 factprunr.
375 5436 655 5508 tererestereres
668 5438 699 5494 P.
716 5447 766 5496 et..
781 5440 889 5497 irater..
906 5455 1005 5506 soror,
1059 5435 1149 5505 Quare
1167 5437 1231 5493 dicti
1243 5436 1362 5508 episcopi
1376 5436 1540 5492 Ancorritani
1556 5437 1721 5494 sententiam
1734 5434 1848 5506 petebas

214 5526 303 5599 etalii
324 5529 528 5601 consanpulnei,
552 5531 599 5599 qrri
623 5532 658 5587 de
682 5531 768 5604 ipsius
790 5533 1006 5591 etatenmitiam
1058 5545 1073 5583 a
1100 5529 1178 5586 nobis
1201 5527 1444 5600 supplicationibus
1469 5531 1581 5587 attentis
1611 5527 1778 5585 confirmari.
1807 5525 1849 5582 Ex

251 5700 308 5776 (st)
323 5704 388 5774 Cnp.
406 5704 479 5760 lllnrl
493 5713 591 5770 crttcrn,
606 5704 651 5772 lh.
667 5721 693 5777 q.
705 5714 730 5776 l,
740 5721 765 5764 c.
785 5709 816 5764 lb
