4109 6325
139 266 199 354 ιιι
609 292 859 354 rounncnrus
875 291 970 353 anno
987 291 1062 360 ιιι,
1083 289 1221 349 errtusn
1242 290 1319 348 rara.
1674 352 1676 356 ,
1714 295 1768 351 aas

463 408 604 467 Cltxixl.
941 409 965 468 A
977 416 1055 477 perat
1069 408 1158 464 uentis
1174 416 1201 462 ιι
1215 406 1296 472 mari,
1317 402 1458 462 trementis
1471 404 1531 462 lrctl
1543 406 1641 465 liuctus
1652 409 1769 481 serlnbtt,

154 516 358 563 ancutsrrscnro
371 517 500 559 renunessr
514 515 687 557 arosrornce
703 515 776 554 senas
792 512 915 554 uestro.¹
979 511 1008 558 ut
1022 503 1069 558 liat
1083 512 1175 575 optata
1193 500 1376 573 tranquillitas
1387 500 1588 573 laevigantibus,
1603 510 1630 557 et
1644 502 1770 561 inimicos

293 590 327 646 Ul
339 592 423 646 ueniat
439 592 474 645 od
485 592 625 645 concilium
643 574 773 661 penernle.
897 582 900 586 ¹
979 593 1090 649 reducet
1102 594 1135 648 ad
1150 608 1255 665 pacem,
1268 601 1296 647 ul
1310 591 1420 647 latiter
1431 590 1574 661 agentibus
1584 590 1626 644 via
1641 584 1709 646 luta.
1725 591 1767 647 Ad

352 682 468 753 (Romae,
488 698 516 737 ιι
527 682 587 737 Kal.
601 681 715 752 ldartii.)
979 685 1047 751 baec,
1068 686 1196 754 quioniam
1210 683 1368 741 consimiles
1385 682 1492 739 litteras
1520 682 1667 737 venerabili
1688 682 1766 763 tratri

172 777 246 832 lnter
270 784 369 831 cetera
396 774 547 830 denotionis
567 773 776 845 obsequiaque
801 781 928 828 tenentur
978 785 1073 833 nostro
1087 776 1425 847 arciriepiscopomisirnus
1438 774 1590 845 [imolensi.
1603 772 1767 830 fraternitati

138 866 257 937 episcopi
282 874 308 921 et
330 863 677 936 praecipucarcbiepiseopi
691 863 748 919 sedi
771 863 928 933 apostoliea
979 875 1031 923 tuae
1055 884 1103 937 per
1118 868 1265 940 apostolica
1289 866 1393 937 scripta
1419 869 1725 935 mandemusquatenns
1743 867 1768 922 ei

139 967 267 1028 unquam
296 958 377 1011 nratri
403 954 675 1019 fideliterealribcrc,
692 954 744 1008 bne
759 970 841 1009 tanum
858 969 927 1024 prae·
977 966 1006 1010 et
1030 955 1212 1027 sarliraganeis
1236 955 1295 1023 ejus
1320 956 1444 1009 districte
1469 956 1610 1026 precipias
1635 966 1769 1027 utusque

138 1052 217 1121 cipue
231 1051 311 1105 debet
334 1063 406 1113 csse,
419 1057 450 1103 ut
464 1047 499 1103 ad
513 1045 658 1101 carncilium
673 1047 784 1101 ueniant
795 1045 900 1101 elocati
915 1061 925 1101 a
978 1048 1135 1117 praedictum
1159 1048 1305 1101 ternrinnm
1321 1060 1487 1115 utrocunque
1509 1048 1589 1101 nrodo
1606 1048 1723 1117 poterint
1735 1046 1768 1101 ad

137 1142 171 1195 art
201 1140 272 1210 quod
304 1139 499 1208 archiepiscopi
521 1138 680 1207 juramento
711 1138 834 1207 praestito
860 1145 925 1193 suot
977 1136 1154 1208 apostolicam
1180 1136 1271 1192 sedem
1296 1136 1390 1191 uenire
1415 1151 1463 1205 pro
1484 1136 1590 1191 viribus
1617 1136 1767 1193 elaborent.

137 1230 252 1289 astricti.
267 1230 343 1286 Unde
358 1229 505 1298 plurimum
519 1229 688 1283 admiramur
700 1227 774 1295 urrod
792 1234 819 1281 te
842 1240 926 1295 snper
978 1230 1135 1300 Sarteqrtia,
1147 1230 1298 1295 manseris,
1312 1229 1345 1284 ad
1357 1230 1446 1284 crucis
1460 1230 1597 1300 negotium
1607 1244 1770 1299 promoven.

137 1320 331 1373 lanceacusare
345 1317 516 1387 aliquatenus
542 1316 663 1383 rototsn,
688 1315 848 1370 crrmetiam
870 1330 925 1371 non
977 1324 1040 1379 darm
1069 1322 1116 1377 tibi
1138 1336 1190 1377 non
1212 1320 1311 1377 sullicit
1328 1321 1499 1375 evectionum
1523 1336 1653 1375 rrrrmerns
1668 1320 1768 1376 nostris

137 1420 247 1465 uocatus
266 1409 379 1465 deberes
403 1411 491 1465 modis
510 1410 637 1467 orrrnibus
659 1409 786 1465 laborare
815 1417 845 1465 ιιι
869 1416 925 1465 tam
976 1411 1074 1469 litteris
1092 1412 1259 1481 designatus,
1277 1419 1306 1465 et
1320 1422 1407 1479 arsque
1422 1410 1457 1464 ad
1482 1408 1651 1463 tricesimum
1674 1424 1768 1463 nrrnae·

136 1511 231 1558 sancto
246 1501 362 1558 concilio
385 1503 548 1568 interesses,
562 1502 596 1557 ad
608 1503 682 1572 quod
702 1516 737 1558 ex
761 1501 834 1557 omni
848 1510 926 1573 parte
976 1520 1036 1560 rum
1060 1504 1182 1574 postulas
1209 1502 1345 1557 licentiam
1361 1501 1407 1556 tibi
1423 1500 1492 1569 dari,
1515 1516 1566 1557 nos
1580 1500 1630 1556 boc
1643 1508 1768 1556 tuaecon-

136 1606 197 1646 cunr
208 1592 436 1647 desideriomulto
460 1602 572 1647 current
588 1594 725 1663 principes
738 1600 767 1647 ιι
780 1593 885 1662 praelati
898 1602 927 1648 et
975 1595 1095 1652 scientie
1122 1596 1249 1651 drraimus
1275 1594 1519 1661 committendum,
1550 1600 1580 1647 ut
1599 1606 1680 1662 super
1714 1592 1768 1647 boc

137 1681 219 1737 lolius
229 1681 293 1737 cleti
305 1680 469 1753 generaliter
486 1680 536 1736 ilos
552 1690 580 1735 el
595 1680 689 1747 decus,
703 1691 732 1736 ut
744 1690 782 1735 tol
795 1690 823 1735 el
836 1690 925 1736 lanios
966 1690 1109 1759 ,procedas
1124 1687 1195 1743 sicut
1211 1688 1313 1743 vitieris
1324 1687 1462 1759 expedire.
1476 1684 1516 1740 Tu
1533 1684 1661 1757 doluique,
1677 1684 1764 1741 fralet·

134 1782 226 1840 patres
248 1775 416 1843 conscriptos
437 1776 470 1829 ad
494 1773 705 1829 aedificationem
727 1787 807 1828 suam
831 1772 924 1828 ridere
941 1745 1259 1849 ¹³arciriepiseopeetc.

133 1863 243 1919 valeant
254 1874 281 1920 et
293 1865 395 1933 audire,
411 1879 443 1920 ac
455 1873 683 1921 mereanturesse
697 1864 845 1934 participes
859 1878 924 1919 ora·
1010 1871 1108 1927 batum
1139 1870 1231 1926 Rorrrae
1251 1870 1322 1939 opud
1346 1868 1476 1925 Sanctum
1500 1867 1625 1931 Potrrrm,
1651 1882 1678 1922 ιι
1701 1864 1762 1922 nat.

134 1954 236 2009 tionum
264 1970 373 2009 suarum
398 1965 426 2011 et
450 1957 584 2011 bonorum
605 1955 726 2010 (tinniunt
752 1969 812 2024 (1⁰ae
829 1964 924 2009 sanciti
974 1961 1077 2031 llartii,
1094 1962 1453 2034 pontillcatusnostrianno
1470 1960 1679 2015 sextodecimo.

133 2047 251 2117 synodus
275 2047 381 2103 duruerit
399 2048 553 2103 statuenda.
575 2047 637 2104 Non
654 2048 784 2103 ascendat
797 2048 879 2117 igitur
896 2046 923 2101 in
1295 2071 1448 2130 cmx„-

133 2153 181 2192 oor
194 2149 268 2191 ttrtnn
293 2138 336 2194 vel
361 2138 521 2209 cujusquam
540 2139 678 2210 pontilicis
704 2147 752 2194 aut
771 2139 873 2209 praelati
895 2148 925 2193 ut

134 2240 190 2284 tam
214 2229 421 2301 ignominiosam
452 2230 585 2286 maculant
609 2230 637 2287 in
653 2232 738 2303 gloria
766 2247 816 2286 sua
840 2238 925 2302 ponat

132 2320 203 2389 quod
218 2322 549 2378 „apanwsopemnpme
567 2337 600 2378 Μ
621 2323 923 2393 operespcnecessafio
975 2300 1055 2369 erod
1068 2298 1188 2354 Ecclesia
1215 2298 1419 2379 lliprnalsflnnili
1444 2296 1770 2365 metroproiitoatcestanb··

133 2422 161 2466 et
176 2411 286 2482 lampio
305 2413 425 2484 qrraiibet
437 2416 583 2472 occasione
599 2415 751 2479 subducat;
768 2415 831 2482 quia
853 2430 922 2485 prae·
1333 2377 1413 2438 Μ’
1503 2479 1519 2491 ..

134 2513 176 2558 ter
194 2502 380 2561 inobedientiae
399 2504 505 2576 culpam
526 2520 554 2562 et
569 2520 692 2576 paenam,
707 2505 921 2577 indignationem
1197 2477 1312 2551 (¹³⁰¹”ae2
1325 2494 1340 2532 ¹
1354 2477 1413 2577 ΚΜ·
1432 2476 1544 2547 mamb)

132 2595 181 2651 bei
197 2603 225 2650 et
239 2606 400 2651 nostramet
413 2596 765 2654 contristonemtneurreret
779 2613 812 2652 ac
825 2602 929 2667 oppro‘
1008 2591 1077 2648 Cum
1093 2592 1120 2646 ia
1134 2591 1266 2647 memoria
1281 2592 1420 2649 lroauinum
1435 2590 1600 2647 norrenses
1619 2590 1764 2662 tttgensem

132 2686 221 2741 briem
236 2686 441 2758 sempiternum.
465 2688 582 2759 ideoque
596 2702 644 2757 per
657 2687 804 2757 apostolica
819 2689 921 2758 scripta
972 2682 1122 2738 Ecclesiam
1136 2681 1216 2737 alicui
1231 2680 1628 2755 metropoliticojurosubesse.
1639 2682 1766 2739 volumus

132 2778 294 2834 mandamus
317 2786 345 2835 et
360 2779 483 2836 districte
511 2782 685 2852 precipimus
707 2790 841 2851 quatenns
867 2791 921 2835 tarn
972 2784 1000 2830 et
1021 2774 1183 2830 mandamus
1203 2782 1233 2830 ut
1256 2774 1343 2831 donec
1361 2775 1388 2829 iu
1409 2775 1527 2845 generali
1550 2776 1666 2831 coneilio
1685 2789 1766 2845 snper

132 2877 161 2923 tu
178 2870 312 2941 praecipue
336 2886 418 2941 quam
432 2874 527 2927 caeteri
546 2872 730 2928 Ecclesiarum
744 2870 848 2941 praelati
873 2886 923 2943 per
972 2864 1024 2920 lroc
1046 2865 1148 2936 aliquid
1170 2872 1273 2921 certrnn
1296 2866 1454 2922 duxerimus
1482 2868 1667 2934 statuendum,
1694 2866 1759 2921 nulli

133 2970 206 3016 tuam
232 2963 399 3031 provinciam
427 2966 567 3020 constituti
589 2964 666 3035 jrrxta
693 2963 773 3034 primi
802 2962 921 3018 nrandati
972 2967 1102 3027 tanquam
1116 2958 1325 3027 monopolitano
1346 2959 1456 3014 interim
1471 2963 1636 3031 respondere
1646 2960 1765 3029 carparis.

131 3053 217 3107 nostri
231 3060 352 3109 wnorem
368 3054 523 3112 allatendis
537 3056 699 3112 Novembris
713 3055 839 3126 proximo
849 3070 920 3110 nune
934 3084 957 3146 C
972 3048 1152 3119 Tandemque,
1168 3049 1255 3105 irater
1264 3051 1409 3121 episcope,
1429 3066 1510 3121 anper
1527 3052 1623 3120 teipso,
1640 3062 1694 3105 ιιι.

132 3142 502 3216 lrrtrrrisusqueadannurm
529 3149 587 3204 sire
604 3163 653 3218 per
677 3164 762 3213 mare,
791 3147 848 3202 sire
873 3160 922 3216 ριι
1011 3140 1109 3196 uarum
1133 3140 1224 3198 Rome
1248 3143 1318 3214 apud
1348 3142 1478 3198 Sanctum
1501 3140 1763 3201 Petruurxllaleml.

132 3241 246 3303 terrant,
265 3252 429 3310 quocunqne
454 3241 534 3296 modo
553 3238 685 3311 poteritis,
701 3238 736 3292 ad
750 3237 843 3293 sedem
857 3251 922 3305 apo
975 3232 1078 3299 llartii,
1089 3233 1264 3303 pontillcatus
1280 3235 1366 3289 nostri
1381 3249 1454 3290 anno
1469 3243 1547 3290 sexto
1563 3235 1680 3292 decimo.

130 3327 256 3384 stolicarn
284 3332 376 3386 venire
397 3346 447 3402 pro
471 3332 576 3388 uiribus
603 3329 744 3386 laboretis.
774 3328 923 3398 Speraruus
1010 3325 1044 3379 ln
1054 3325 1172 3380 eumdem
1185 3325 1290 3380 modam
1300 3326 1425 3394 scripturn
1436 3335 1474 3380 eat
1486 3325 1634 3382 linconiensi
1645 3324 1764 3394 episcopo

130 3417 203 3472 etaim
221 3419 247 3473 iu
270 3417 383 3478 Domino
397 3424 468 3494 qarod
482 3422 591 3478 interim
608 3422 653 3478 iile
666 3422 711 3492 qui
733 3428 859 3491 potenter
872 3417 923 3472 int·
974 3433 1022 3488 pro
1035 3413 1187 3470 Eatoniensi
1202 3415 1321 3472 Ecclesia
1337 3415 1423 3490 leli.)

1241 2200 1345 2241 ntaenst
1368 2198 1504 2239 El‘lSCOPO·

829 3597 1069 3614 ψ

444 3723 756 3814 ΑΡΡΕΝΒΙΧ
794 3723 960 3816 LIBRI
1000 3723 1211 3815 necilli
1250 3723 1452 3816 SEXTI.

448 3981 611 4039 ccxxxttt.
974 3986 1093 4040 sessoria
1119 3981 1167 4038 lite
1191 3981 1313 4054 legitime
1339 3987 1501 4048 contestata,
1516 3987 1580 4052 quta
1605 3987 1765 4054 superbiae

129 4115 223 4155 mc„
235 4113 315 4155 m„
329 4113 363 4153 Β,
384 4111 554 4153 „omnm
565 4111 603 4154 n
621 4111 655 4152 »Β
666 4111 799 4151 mmm
815 4111 921 4151 mom,
974 4074 1037 4129 inde
1048 4073 1195 4144 propositis
1206 4089 1255 4144 per
1268 4072 1434 4129 assertiones
1445 4087 1539 4128 eorum
1549 4072 1606 4130 lteri
1618 4072 1696 4128 nobis
1708 4087 1762 4129 non

164 4208 215 4249 eus
236 4205 418 4248 ntaunrcsnsts
435 4205 470 4245 ιιι
494 4205 666 4246 rusurensis
691 4203 849 4256 oroecesou,
882 4203 919 4244 er
973 4168 1064 4239 Ρθῑῦῑῑ
1079 4169 1157 4237 eleni
1173 4167 1250 4233 lue,
1263 4182 1374 4222 ⁰³⁰⁵³¹¹¹
1388 4165 1510 4222 iflffldflffl
1525 4165 1559 4221 (¹⁰
1574 4165 1695 4237 ipsorum
1717 4181 1762 4222 ιι·

165 4298 352 4340 mmmm
364 4297 531 4338 mmm
933 4273 1053 4373 Daensu
1072 4261 1148 4314 robis
1162 4259 1288 4315 duximus
1300 4257 1535 4323 committendam,
1551 4273 1601 4328 per
1613 4260 1759 4330 apostolica

972 4351 1074 4421 scripta
1105 4353 1265 4408 mandantes
1289 4360 1425 4420 quatenus
1443 4350 1568 4420 partibus
1590 4353 1761 4416 contraeatis,

968 4441 1109 4496 clauditis
1139 4441 1204 4497 ltine
1234 4440 1299 4497 inde
1324 4440 1481 4512 propositis,
1502 4441 1574 4510 qtrod
1599 4443 1761 4497 canonicum

343 4511 494 4585 (lemnia
508 4509 596 4566 iffi·
611 4507 709 4580 'unffi
981 4531 1053 4586 uerit
1065 4531 1246 4602 appellatione
1259 4532 1411 4602 postposita
1434 4531 1600 4596 decernatis,
1614 4544 1642 4586 et
1653 4531 1760 4588 iacietis

163 4628 232 4683 Curta
244 4641 327 4684 causa
342 4641 403 4695 quae
416 4625 487 4680 inter
498 4622 706 4679 cluniacensem
718 4621 870 4678 Ecclesiam
883 4637 918 4678 ex
969 4624 1045 4692 qarotl
1053 4623 1230 4680 decreveritis
1246 4640 1296 4694 per
1315 4637 1458 4680 censuram
1477 4621 1691 4678 ecclesiasticam
1709 4622 1759 4676 ilr-

124 4729 205 4788 parte
231 4732 285 4774 uua
309 4727 338 4772 et
366 4715 561 4772 monasterium
590 4713 747 4770 llenotense
776 4729 809 4769 ac
835 4727 919 4770 rene·
969 4713 1052 4768 miter
1070 4713 1221 4770 obseruari.
1246 4713 1343 4769 Testes
1365 4720 1469 4776 autem,
1485 4719 1553 4775 eto..
1568 4727 1649 4778 aspare
1666 4712 1760 4781 perbi-

124 4808 241 4865 rabilem
256 4807 368 4862 lratram
396 4816 519 4861 nostrum
543 4802 793 4860 claromontensem
812 4803 919 4871 episco-
968 4805 1044 4861 itere.
1068 4805 1154 4863 Nullis
1180 4806 1278 4862 litteris
1303 4803 1484 4867 obstantibus,
1499 4813 1551 4858 etc.
1576 4801 1652 4868 erod
1665 4803 1687 4858 si
1704 4819 1759 4862 uon

121 4918 191 4972 pum
206 4915 241 4955 ex
261 4900 344 4956 altera
356 4896 567 4967 superejusdem
578 4894 737 4952 monasterii
750 4893 918 4963 subiectione
968 4911 1073 4964 ornares,
1086 4908 1152 4964 ιιι..
1168 4899 1221 4954 duo
1236 4907 1370 4960 vestrum,
1385 4904 1438 4950 etc.

124 4991 251 5047 noscitur
265 4989 360 5059 agitari
372 4986 632 5058 dirersisjudicibus
645 4984 746 5042 luisset
760 4986 794 5042 ab
808 4995 913 5056 aposto·
1004 4987 1102 5040 Datum
1115 4985 1254 5050 Laterani,
1268 5000 1284 5040 r
1300 4981 1360 5038 llal.
1370 4981 1457 5050 lunii,
1485 4981 1661 5053 pontillcatns
1671 4985 1758 5041 nostri

121 5081 178 5137 lica
193 5081 257 5137 sede
273 5081 430 5145 commissa,
446 5081 557 5134 ιιιιιιιιιι
573 5077 608 5132 ad
627 5076 785 5132 instantiam
805 5074 918 5132 Clunia·
967 5095 1040 5138 anno
1054 5090 1132 5138 sexto
1148 5080 1264 5137 decimo.

120 5174 248 5230 censium
261 5172 390 5228 dilectum
411 5170 497 5226 lilium
525 5168 571 5224 W.
596 5170 723 5224 abbatem
737 5166 843 5238 prelati
858 5184 918 5224 mo·
1277 5166 1442 5226 ctxntttv.

120 5264 239 5321 traslerii
256 5263 289 5318 ad
301 5262 475 5332 praesentiant
492 5271 614 5317 nostram
634 5259 791 5315 locavimus
805 5273 917 5328 respon·
967 5277 1173 5320 tucntnrtscoeo
1201 5277 1353 5318 aternam
1375 5277 1411 5318 er
1433 5275 1558 5316 sutscoro
1581 5273 1759 5316 caettttttrttst.

117 5372 232 5415 surum.
246 5355 306 5428 ipso
321 5357 436 5426 igituret
447 5353 630 5423 dilectisliliis
642 5351 675 5406 tl.
690 5361 717 5406 et
730 5352 761 5407 P.
775 5350 917 5407 monacbis
967 5354 1000 5412 Ut
1012 5355 1203 5412 Bononiensem
1220 5356 1372 5425 episcopam
1383 5353 1539 5423 ronrpellont
1551 5353 1586 5406 ad
1603 5356 1757 5407 cessionem.

118 5457 152 5504 et
167 5448 390 5516 procuratoribus
408 5447 494 5518 ipsius
505 5445 632 5500 Ecclesiae
645 5445 672 5498 in
687 5453 779 5499 nostra
795 5457 915 5514 praesen-
1171 5443 1319 5516 (Laterani,
1335 5459 1361 5498 re
1375 5443 1436 5500 lrlrrs
1452 5441 1549 5510 durtii.)

118 5543 163 5596 tia
180 5541 349 5609 constitutis,
376 5552 405 5596 et
426 5550 480 5595 tarn
494 5555 576 5611 super
590 5539 720 5610 petitorio
743 5553 826 5610 qararn
851 5551 916 5609 pos·
1001 5534 1068 5594 Cam
1083 5534 1260 5594 Bononiensis
1275 5531 1419 5606 episcopus
1444 5531 1508 5590 oliru
1527 5533 1560 5590 ad
1572 5531 1716 5590 cotrsilium
1730 5539 1759 5590 at

151 4427 156 4436 ¹
242 4396 281 4453 De
294 4397 454 4467 subjectione
469 4395 623 4451 monasterii
638 4393 810 4450 ilenrtenair.

159 5691 238 5794 (ιιι)
253 5719 413 5792 ιιιιιιριι
431 5718 510 5790 epist.
525 5717 583 5773 no.
