4109 6325
251 322 299 381 tet
692 314 886 379 tudoctsutlt
906 320 937 377 ill
957 317 1010 375 t‘l‘.
1032 318 1265 378 uecestoubtt
1284 319 1349 377 Llii.
1367 320 1435 380 xil.

551 454 556 465 ·
624 432 665 488 l'i.

252 542 390 585 orturusrs
400 540 548 583 ratramus
559 540 592 581 rr
605 541 746 583 ruroeums
759 545 947 585 cnuuuesasrs
965 546 1041 586 onor·

308 635 350 677 rus
369 634 403 673 ro
423 633 560 675 erasurus
579 635 731 676 crrrrunuu
750 638 986 679 coarsnrsnrrous.

386 706 518 769 Hortatur
532 726 575 765 eos
587 710 622 765 ud
634 711 767 767 rrreiioreut
783 712 898 785 frugem.

451 799 600 871 (Laterani,
615 801 704 857 idibus
718 802 829 872 Martii.)

286 892 342 961 (il)
358 890 388 947 Si
415 890 536 963 diligenti
558 892 731 950 meditatione
751 894 900 964 pensabitis
922 892 1042 967 usualiter

250 984 304 1037 rita
326 984 475 1038 rrrorrastica
489 983 540 1039 sub
556 984 651 1055 primis
665 985 768 1041 ordinis
784 985 911 1042 Patribus
930 985 1042 1057 pullula·

249 1075 299 1141 rit,
317 1082 345 1131 ct
371 1074 498 1145 palmites
517 1075 596 1147 longe
609 1076 718 1149 lateque
731 1078 900 1149 producens,
917 1078 951 1133 ad
967 1092 1041 1134 mor·

252 1168 330 1224 tilera
343 1169 553 1239 circumquaque
566 1184 670 1225 venena
682 1168 802 1243 pellendo
816 1168 897 1225 liores
906 1169 1040 1225 bonorum

251 1275 362 1331 operum
387 1258 498 1330 protulit
525 1269 552 1313 et
580 1260 641 1317 boni
669 1260 786 1317 nominis
809 1259 905 1316 eliodit
931 1263 1041 1327 odores,

250 1349 374 1423 pervigili
394 1366 459 1407 cura
473 1352 618 1407 studebitis
632 1366 725 1407 eorum
741 1350 874 1407 inherere
898 1350 1038 1423 uestigiis,

250 1458 379 1515 perones
404 1441 432 1497 in
459 1444 567 1500 deserto
590 1442 682 1497 rnurmi
709 1441 788 1513 imjus
809 1440 928 1507 plantata
946 1451 989 1498 est
1013 1452 1043 1497 ct

253 1532 429 1589 irnetiliearit
444 1534 470 1589 in
490 1533 612 1605 pluribus
630 1532 694 1587 uitis
708 1532 865 1588 monasticae
879 1531 1041 1588 honestatis.

251 1623 271 1678 ii
284 1623 412 1677 niurirum
430 1621 578 1679 monastiea
602 1620 757 1692 frugalitate
777 1620 907 1687 contenti,
928 1629 956 1677 et
969 1622 1042 1691 opti·

253 1731 326 1769 nrttm
349 1722 478 1784 ponentes
501 1712 528 1768 in
551 1720 709 1783 paupertate
731 1710 906 1781 principiam,
922 1712 1042 1767 assecuti

1833 321 1888 382 tos

1053 440 1076 497 Λ
1092 435 1118 488 in
1135 436 1168 490 iis
1181 452 1261 506 urtam
1288 440 1315 494 in
1331 439 1392 493 aliis
1406 436 1505 493 diiecto
1529 433 1585 490 idio
1604 435 1696 494 abbati
1710 437 1885 495 ctuataeemt

1096 540 1224 598 tartunam
1239 530 1330 585 deuoti
1353 528 1399 585 dlii
1417 528 1487 598 patri
1503 537 1530 584 et
1550 528 1671 585 merrrbra
1693 532 1886 587 conuenientia

1094 622 1176 691 capiti
1192 622 1380 679 obedientiam
1403 631 1431 677 et
1444 619 1624 677 reuerentiam
1638 620 1757 679 debitam
1781 623 1886 694 irripien—

1095 712 1203 780 drntes‚
1218 714 1292 769 circa
1310 710 1532 767 reformationem
1543 711 1683 781 prioratus
1696 715 1732 769 de
1744 713 1885 770 Citaritate

1093 820 1203 861 tuarmnt
1232 805 1324 861 auxilii
1349 815 1377 860 et
1404 805 1510 860 consilii
1525 807 1677 877 apponatis,
1704 817 1833 877 tantaque
1856 807 1884 862 in

1093 895 1241 965 premissis
1256 895 1393 966 diligentia
1409 894 1526 967 vigiletis
1545 897 1617 964 orroei
1641 912 1693 954 uec
1707 898 1735 952 in
1747 898 1825 954 uobis
1837 912 1886 967 per

1093 983 1199 1052 eulpam
1208 998 1258 1039 nee
1269 982 1433 1053 insubjectis
1441 999 1488 1054 per
1500 983 1689 1056 negligentiam
1700 984 1882 1049 oilernlentes.

1095 1076 1241 1146 corrigatis
1252 1076 1280 1131 in
1294 1084 1433 1147 posterum
1446 1078 1518 1148 qrrod
1533 1079 1559 1133 ln
1575 1078 1715 1148 preterito
1730 1077 1884 1133 conrmisis·

1097 1169 1141 1223 tis.
1156 1164 1211 1223 ios
1224 1167 1349 1237 (lenique,
1365 1166 1412 1222 ldii
1425 1165 1548 1236 abbates,
1557 1183 1639 1240 super
1649 1169 1728 1225 robis
1738 1168 1817 1237 ipsis,
1830 1176 1884 1223 cte.

1131 1262 1228 1317 ilatum
1241 1258 1388 1325 Laterani.
1406 1258 1497 1319 idibus
1512 1260 1622 1328 blumii,
1641 1260 1818 1333 pontificatus
1836 1276 1886 1317 no-

1094 1351 1144 1407 stri
1162 1364 1235 1407 anno
1245 1361 1323 1408 serto
1336 1352 1453 1409 decimo.

1461 1440 1517 1497 ill.

1129 1548 1306 1589 rrrnrrneue
1321 1548 1569 1591 utsuosotrmraso
1583 1549 1749 1593 reosrotrer
1773 1534 1847 1595 sauls

1435 1640 1549 1683 necaro.

1306 1713 1346 1769 Dr
1357 1732 1438 1777 roura
1454 1716 1522 1787 repit
1535 1717 1678 1773 Armeniae.

252 1814 316 1862 sunt
339 1806 367 1861 in
380 1804 493 1861 Domino
517 1804 599 1859 totius
615 1802 783 1859 suliielentiae
801 1803 1080 1874 conplementum
1131 1802 1347 1861 Sollicitudinem
1363 1814 1437 1860 tuam
1458 1805 1485 1860 in
1512 1806 1626 1863 bomine
1652 1808 1884 1876 commendamur

252 1896 431 1953 ecelesiarum
444 1897 562 1967 prelatis
575 1896 690 1966 accepti.
704 1902 767 1949 ante
782 1906 859 1971 reges
872 1903 899 1952 et
913 1894 1044 1968 presides
1096 1910 1129 1951 oo
1143 1896 1216 1966 estod
1229 1897 1303 1953 eirea
1318 1906 1398 1953 terrae
1411 1906 1513 1954 sarecto
1532 1896 1683 1969 proiectum
1704 1899 1773 1955 adeo
1786 1900 1887 1956 solliei-

252 1990 306 2043 rita
320 1996 347 2043 ct
363 1988 460 2043 merito
473 1986 593 2059 gloriosi.
607 1985 684 2043 Nune
696 1997 796 2056 autern,
808 1986 879 2057 pirod
896 1993 1045 2042 moerentes
1097 1996 1140 2042 tus
1152 1996 1179 2041 et
1196 1987 1335 2043 studiosus
1355 1986 1453 2044 existis
1478 1996 1510 2043 ιιι
1530 1988 1555 2045 ei
1574 1996 1630 2043 tam
1656 1991 1684 2045 in
1697 1989 1886 2059 spiritualibus

252 2078 380 2146 dicinms,
391 2078 444 2133 etsi
461 2092 513 2133 raon
533 2076 667 2133 acunctls
684 2078 710 2133 in
724 2076 862 2141 omrdbus,
877 2091 892 2131 a
909 2076 1046 2149 plerisque
1095 2092 1177 2149 qrram
1189 2078 1386 2150 temporalibus
1402 2087 1428 2134 te
1440 2095 1489 2150 pro
1500 2079 1605 2137 viribus
1624 2081 1758 2137 exiribeas
1769 2078 1886 2137 irnctuo-

255 2180 344 2226 tamen
364 2184 397 2225 ex
418 2168 494 2225 robis
513 2168 539 2223 in
560 2166 683 2241 pluribus
705 2168 806 2225 dieitur
829 2169 992 2225 declinatum
1016 2170 1044 2223 in
1096 2184 1166 2225 surrr.
1183 2170 1343 2241 decepimus
1368 2184 1434 2227 sune
1448 2186 1496 2241 per
1508 2171 1616 2229 litteras
1631 2181 1692 2227 tuas
1710 2172 1796 2243 qumi,
1808 2182 1885 2243 post·-

256 2270 358 2317 tantum
374 2260 445 2333 quod
462 2271 556 2317 eontra
581 2262 662 2317 uestri
681 2261 785 2317 ordlrds
808 2261 927 2332 reguiam
953 2274 1036 2315 manu
1096 2273 1176 2329 quern
1193 2258 1358 2315 uenerabilis
1373 2260 1458 2317 irater
1473 2270 1566 2317 noster
1578 2260 1723 2331 episcopus
1744 2262 1887 2317 Sidonica·

254 2354 336 2411 nimis
348 2353 428 2409 arida
444 2352 603 2423 colligentes
621 2351 665 2408 ubi
684 2350 799 2407 forsitan
821 2367 874 2407 non
896 2350 1044 2422 sparsistis,
1095 2347 1135 2403 sis
1148 2347 1201 2402 iter
1213 2348 1328 2419 arripuit
1342 2350 1376 2404 ad
1387 2351 1477 2406 sedern
1488 2350 1665 2421 apostolicam
1677 2352 1814 2417 veniendi,
1831 2361 1885 2408 tua

254 2446 318 2499 dum
332 2444 437 2501 loculos
448 2444 572 2517 proprios
593 2442 697 2514 replere
718 2442 847 2508 nitimini,
864 2440 934 2497 bona
950 2440 1045 2497 Eccle-
1096 2452 1160 2507 rege
1173 2438 1272 2495 illustri
1289 2439 1425 2496 drotenire
1440 2440 1523 2495 mrdta
1544 2441 1637 2511 plenas
1650 2441 1805 2499 burrtiiitate
1823 2458 1885 2499 rer·

254 2537 367 2602 siarum,
384 2551 445 2607 quum
461 2545 550 2590 uestro
564 2534 772 2589 eontndttuntur
788 2532 928 2604 regirnini,
946 2546 1045 2587 racuo-
1095 2530 1190 2586 borum
1204 2531 1309 2588 litteras
1323 2532 1466 2602 recepisti,
1486 2532 1584 2604 ortibus
1600 2531 1775 2603 significabat
1789 2548 1819 2589 se
1833 2550 1886 2605 pro

254 2626 299 2691 tis,
314 2626 354 2681 sie
378 2624 520 2680 ambitioni
544 2633 673 2679 vacantes
696 2623 768 2694 rprod
795 2622 822 2679 ln
850 2622 917 2679 loeis
946 2624 1045 2694 utribus
1096 2626 1249 2682 reuerentia
1264 2636 1356 2683 nostra
1382 2626 1416 2681 ad
1430 2625 1572 2683 eonsilium
1598 2634 1627 2682 et
1650 2640 1760 2696 precum
1776 2635 1884 2683 tuarum

253 2718 388 2788 praeestis,
414 2728 528 2773 terrente
551 2716 721 2787 paupertatis
742 2731 808 2787 opes
833 2716 965 2789 queaeritis,
991 2732 1044 2772 nor
1095 2714 1250 2772 instantiam
1262 2730 1357 2788 pacem
1373 2710 1886 2789 cuinTernptartis'reronmsse,poe-

252 2822 331 2878 opent
347 2808 504 2878 impenditis
517 2808 625 2865 consilii
649 2807 778 2865 salutaris
791 2807 859 2879 (il).
883 2808 953 2865 Ecce
973 2808 1045 2865 inter
1096 2807 1160 2865 reiis
1170 2823 1264 2865 eorum
1277 2808 1448 2865 satisfaciens
1458 2819 1643 2881 competenter
1654 2810 1885 2882 tl5);etqootriam

254 2900 307 2956 alia
339 2900 397 2957 loca
427 2908 517 2957 restra
550 2900 751 2971 presidentium
785 2901 863 2971 eulpa
893 2901 1043 2973 depressa,
1095 2912 1145 2972 per
1169 2900 1459 2956 excommunicationis
1477 2900 1640 2956 senteutiam
1666 2901 1712 2957 diu
1736 2900 1826 2957 luerat
1849 2903 1887 2959 ab

254 2991 391 3061 prioratus
415 2991 449 3047 de
472 2990 624 3055 Cbaritate,
652 2990 698 3061 rpd
722 2990 786 3046 oiim
809 2991 835 3048 iu
858 2992 1045 3063 spiritualibus
1096 2990 1216 3047 Ecclesia
1238 3000 1398 3060 separatus,
1424 2994 1496 3045 unde
1513 3004 1543 3045 se
1562 2989 1708 3060 plurimum
1727 2992 1885 3049 contristari

254 3082 365 3149 dorcas,
383 3081 410 3138 in
426 3081 621 3153 temporalibus
635 3082 812 3149 abundabat,
833 3091 906 3139 tauta
930 3099 1044 3155 corrup·
1096 3080 1215 3146 dicebat,
1239 3078 1418 3136 absolutionis
1432 3080 1596 3137 beneiicimn
1613 3080 1754 3138 humiliter
1766 3084 1887 3156 postula·

254 3177 307 3234 tela
324 3178 469 3236 rrrarceseit
483 3187 510 3234 ct
533 3191 587 3234 tam
602 3179 676 3235 arida
696 3177 861 3246 deprimitur
881 3187 1043 3250 paupertate
1057 3144 1081 3211 c
1096 3173 1154 3238 bat,
1169 3160 1324 3243 subplicius
1338 3170 1516 3228 nimiminus
1530 3182 1556 3228 0¹
1576 3172 1852 3240 irrecuperandae
1869 3191 1885 3231 a

252 3271 325 3342 qnod
350 3273 401 3330 nisl
417 3272 534 3328 aliorum
563 3273 699 3329 relevetur
722 3271 838 3338 auxilio,
852 3272 897 3328 uix
920 3273 1044 3345 adiicere
1095 3267 1176 3323 nobis
1187 3280 1328 3338 receperas
1340 3265 1366 3320 in
1383 3265 1535 3333 praedatis,
1548 3268 1677 3322 cornitem
1689 3264 1887 3338 Tripolitanum

254 3363 354 3434 poterit
371 3374 400 3421 ut
415 3373 552 3438 resurgat.
575 3365 649 3422 illias
663 3363 766 3430 etiam,
783 3364 856 3421 sient
870 3364 1043 3437 accepimus,
1095 3358 1129 3414 ad
1143 3357 1296 3414 iaciendum
1311 3356 1362 3414 sub
1375 3357 1501 3412 examine
1513 3367 1559 3413 tuo
1572 3358 1665 3428 nepoti
1685 3376 1736 3417 suo
1747 3359 1885 3429 iustitiam

254 3467 310 3514 tam
329 3456 357 3514 in
383 3459 459 3515 robis
485 3473 565 3530 luam
590 3455 651 3512 allis
679 3470 754 3511 cure
773 3465 869 3512 uestrae
890 3455 1045 3514 courmissir
1096 3452 1130 3510 de
1145 3453 1291 3509 drrtiocbia
1303 3452 1771 3525 etprincipatuejusccelesiastica,
1783 3453 1806 3509 si
1817 3469 1887 3524 opus

253 3551 321 3606 adeo
342 3551 488 3622 perniciosi
512 3550 578 3608 laeti
600 3549 667 3607 estis
689 3549 814 3622 exemplo
830 3552 902 3623 qrrod
924 3551 1044 3622 antiquis
1095 3555 1179 3612 esset,
1203 3545 1374 3602 districtione
1396 3545 1589 3616 compelleres,
1613 3560 1677 3602 cum
1704 3545 1776 3601 idem
1801 3559 1888 3615 nepos

253 3640 382 3698 l‘atribus
396 3639 457 3698 loco
482 3649 632 3698 canumet
655 3641 761 3707 babitu,
787 3655 840 3696 non
865 3641 1043 3712 prerogativa
1096 3637 1182 3706 ipsius
1206 3651 1289 3706 super
1313 3637 1346 3694 iis
1369 3645 1479 3707 paratus
1503 3634 1634 3692 existeret
1656 3638 1707 3692 sub
1721 3646 1767 3690 tuo
1782 3635 1887 3707 judicio

253 3733 393 3800 uirtutum,
410 3735 538 3792 uidemini
558 3735 725 3792 successisse
738 3776 745 3799 .
764 3734 810 3790 sed
824 3749 856 3791 eo
870 3734 962 3804 plures
977 3748 1043 3790 eon·

254 3825 326 3896 ragio
336 3825 521 3895 corruptionis
536 3825 650 3882 inbellis
665 3841 719 3896 qno
735 3825 858 3895 pluribus
871 3824 909 3879 illi
925 3839 1043 3894 qtrorutu

252 3915 311 3972 loca
328 3917 426 3973 tenetis
452 3917 630 3972 correctionis
653 3916 777 3986 erernpla
802 3917 864 3973 vitre
888 3916 1045 3988 magisterio

252 4006 428 4064 exhibebant.
454 4004 494 4060 lie
518 4019 583 4061 uero
609 4005 719 4078 indigne
755 4007 862 4064 illorum
888 4007 1040 4078 privilegiis

254 4097 395 4172 gaudeatis
408 4111 522 4168 quorum
538 4112 590 4151 non
602 4099 723 4156 serratis
741 4101 768 4156 in
790 4101 910 4157 rrreribus
923 4099 1045 4171 discipli-

253 4207 329 4257 nam,
343 4205 393 4262 per
410 4187 556 4262 apostolica
575 4188 654 4245 robis
678 4191 780 4262 scripta
803 4193 963 4249 mandamus
977 4208 1045 4265 qua-

1095 3726 1210 3800 litigare.
1237 3727 1336 3784 Verum
1363 3743 1425 3784 cum
1447 3728 1604 3796 praedictum
1629 3727 1757 3782 eondtern
1785 3741 1888 3782 corrrc-

1095 3819 1185 3874 nisses
1197 3829 1227 3874 ιιι
1240 3834 1289 3891 pro
1304 3818 1386 3874 tarrtis
1399 3818 1477 3874 ruralis
1490 3818 1626 3889 tenuisque
1639 3817 1766 3888 periculis
1780 3819 1886 3875 eutran-

1095 3911 1136 3966 dis
1150 3911 1177 3966 in
1196 3909 1252 3980 jam
1274 3910 1345 3966 dicta
1368 3909 1553 3967 controuersia
1570 3908 1648 3979 jetxta
1672 3911 1830 3967 nrandaturu
1856 3919 1886 3966 et

1096 4001 1300 4072 dispositionem
1329 4010 1451 4057 nostram
1476 4001 1511 4057 ad
1540 3999 1674 4071 justitiam
1701 4016 1731 4058 se
1756 4001 1884 4068 ollerrer,

1096 4092 1278 4164 respondisse
1295 4091 1468 4148 ,leuioebiam
1490 4089 1525 4144 ab
1549 4091 1712 4162 imperatore
1729 4091 1885 4149 constami-

1096 4185 1251 4256 nopolitano
1266 4192 1376 4249 tenere,
1389 4197 1439 4239 nec
1453 4183 1504 4240 sibi
1518 4181 1603 4238 rideri
1622 4191 1708 4240 tutum
1723 4194 1770 4239 aut
1781 4184 1884 4255 iustum

255 4295 334 4342 tenus
349 4282 508 4354 incipientes
528 4277 620 4336 lacere
632 4283 706 4352 quod
724 4285 837 4355 possitis
851 4285 965 4342 liberius
977 4287 1044 4342 edo·
1095 4289 1126 4335 ιιι
1138 4280 1173 4335 de
1189 4278 1244 4350 ipse
1262 4287 1413 4335 convenite!
1431 4278 1459 4334 ib
1479 4279 1591 4338 biberius
1604 4297 1687 4352 quam
1701 4283 1823 4353 ejusdem
1837 4282 1886 4338 do·

254 4393 327 4446 cere,
342 4377 369 4434 in
385 4375 462 4436 rolris
475 4387 503 4433 et
515 4379 630 4436 subditis
644 4379 702 4436 laaeo
716 4385 744 4432 et
759 4375 794 4434 iis
809 4375 908 4432 similia
920 4378 1044 4447 corriga-
1095 4371 1162 4427 tnini
1180 4371 1222 4426 soi
1237 4369 1340 4439 judicio
1356 4373 1541 4443 responderet.
1560 4373 1672 4429 Addidit
1693 4373 1776 4430 etiam
1796 4374 1886 4444 ipsum

255 4471 302 4540 tis,
318 4479 447 4541 turdoque
468 4467 528 4541 pins
544 4469 744 4544 lucrantopera
759 4478 850 4527 vestre
866 4469 936 4526 bona
950 4484 1043 4526 eoram
1059 4484 1083 4541 p
1097 4453 1288 4533 imperatorem
1304 4461 1403 4516 banea
1424 4461 1502 4518 nobis
1517 4462 1711 4534 imiulgeotiam
1727 4463 1887 4534 impetrasse

253 4560 411 4618 imrnlnibus
426 4570 453 4618 ut
466 4562 620 4634 glorificent
633 4562 741 4620 Patrem
763 4571 884 4616 uestrum
898 4561 943 4632 qui
958 4570 1001 4618 est
1014 4562 1043 4617 lo
1096 4564 1126 4611 ιιι
1137 4555 1266 4627 deinceps
1288 4554 1415 4611 comitem
1440 4567 1494 4609 nou
1517 4569 1676 4626 cogeremus
1701 4556 1827 4610 eumdem
1852 4555 1886 4610 do

253 4639 335 4709 ooelis'
350 4664 454 4726 quatuo
477 4657 565 4726 magis
577 4655 648 4711 mala
671 4653 806 4726 praeterita
824 4651 886 4708 laeti
908 4651 1044 4708 euidentia
1094 4647 1236 4704 drrtiocbia
1251 4647 1301 4703 sub
1317 4643 1502 4704 ecclesiastico
1514 4643 1605 4715 jndice
1619 4645 1734 4717 litigare.
1749 4646 1820 4713 Quid
1838 4661 1887 4698 au·

253 4743 412 4816 publicarit,
425 4749 452 4800 et
468 4744 512 4800 ubi
526 4744 610 4816 maior
626 4743 701 4801 ruina
717 4741 916 4812 praeessendi
931 4742 1044 4812 ritarjoris
1095 4749 1149 4796 tem
1163 4753 1244 4810 super
1255 4739 1287 4794 iis
1300 4738 1347 4794 tibi
1358 4749 1429 4795 osset
1440 4741 1584 4811 agendum,
1597 4738 1741 4794 cortilicari
1754 4751 1888 4807 responso

256 4837 436 4908 reparationis
450 4837 604 4894 sollicitudo
622 4845 770 4908 sequatur,
786 4844 812 4890 et
827 4835 954 4891 duranum
969 4835 1043 4905 qtrod
1094 4831 1337 4903 sedisapostolicae
1358 4829 1500 4902 postulasti
1518 4830 1587 4902 (ll).
1605 4830 1648 4884 Ad
1666 4843 1726 4898 ortae
1744 4829 1785 4884 sic
1808 4827 1886 4883 duri·

254 4923 390 4995 diuulgata
403 4924 505 4980 ritalitia
517 4925 624 4988 inumb,
638 4923 788 4980 tiraniieste
803 4921 932 4980 bonitatis
946 4923 1045 4979 roura·
1096 4939 1156 4982 rrrrrs
1179 4923 1414 4995 respondendum,
1428 4925 1500 4995 quod
1519 4937 1581 4979 curn
1600 4929 1778 4975 irremorutnm
1795 4932 1886 4988 regem

254 5015 299 5084 gio
312 5023 490 5071 restauretur.
506 5015 572 5084 Quia
592 5030 656 5070 uero
678 5015 811 5087 integrum
827 5016 966 5073 eortsuetdt
982 5015 1045 5072 css'e
1094 5019 1230 5074 drrneniae
1245 5027 1355 5090 propter
1374 5018 1561 5089 gravissimam
1577 5011 1711 5072 eliensem
1731 5025 1812 5081 otram
1832 5009 1887 5063 lleo

253 5108 382 5174 iutlieium
397 5108 470 5178 prrod
487 5107 665 5177 plurimorum
687 5111 829 5165 soritemiis
849 5111 1042 5176 conburentur.
1094 5123 1122 5169 et
1142 5111 1271 5170 Ecclesiec
1289 5112 1465 5168 drrdoebene
1481 5108 1614 5168 asseritur
1630 5105 1755 5164 intulisse
1774 5102 1887 5160 matida·

253 5210 280 5254 et
301 5215 362 5268 ιμιιιι
384 5198 535 5270 proiectum
558 5213 728 5256 coturnunem
748 5201 915 5272 respiciunt,
931 5201 1043 5256 tractari
1095 5203 1212 5260 serimus
1231 5203 1338 5261 uinculo
1356 5198 1646 5258 excommunicationis
1666 5193 1781 5267 astringi
1800 5193 1887 5248 doooe

253 5289 343 5344 solent
373 5289 470 5344 ruelius
498 5291 524 5344 in
558 5294 712 5360 currimuni,
743 5293 884 5348 arrnuatiru
912 5293 1044 5350 interesse
1093 5295 1265 5352 salisiaceret
1279 5301 1476 5366 competenter.
1494 5300 1532 5357 ιιι,
1546 5290 1569 5347 si
1585 5299 1648 5346 ante
1668 5288 1748 5358 bnjos
1766 5282 1886 5340 mandati

253 5379 374 5450 capitulo
386 5379 505 5451 generali
520 5382 593 5435 omni
607 5383 750 5438 occasione
766 5385 914 5454 postposita
932 5383 1045 5440 studea·
1096 5377 1295 5456 susceptionem
1306 5401 1339 5443 cx
1350 5385 1403 5440 alia
1415 5399 1498 5441 causa
1508 5383 1609 5454 ligatos
1622 5397 1676 5437 oon
1691 5379 1783 5444 luerit,
1798 5373 1886 5446 ‹ptroad

255 5469 300 5533 tis,
312 5487 372 5541 ιμιιι·
388 5471 488 5528 ibidem
502 5473 651 5528 secuudum
667 5473 751 5532 liotuu
768 5484 795 5531 et
809 5475 881 5530 beati
903 5473 1045 5533 marona
1094 5477 1235 5548 illamqua
1251 5477 1331 5533 merdo
1343 5485 1451 5533 tenetur
1465 5476 1614 5532 seeundum
1627 5474 1743 5529 lormam
1758 5467 1886 5526 Ecclesia}

254 5563 752 5631 reguiamluerintinstitutalinuitar
774 5569 970 5639 serratorl,et
987 5579 1043 5624 tam
1095 5567 1257 5626 bertelmium
1290 5566 1315 5623 ei
1346 5565 1523 5622 absolutionis
1552 5563 1713 5638 impendas,
1743 5560 1887 5632 brjrmgcns

291 5673 313 5736 il
324 5674 347 5740 i)
361 5675 428 5732 bitte
443 5677 511 5732 inira
526 5683 605 5748 epist.
621 5681 681 5737 ll-l.

293 5743 349 5813 ili)
364 5743 430 5802 tide
443 5747 490 5803 lib.
506 5765 552 5817 ιι,
563 5751 642 5822 epist.
666 5751 724 5806 ill.

1133 5678 1190 5752 (lai
1202 5678 1268 5732 vide
1284 5676 1330 5732 lib.
1342 5693 1372 5741 ιι,
1388 5675 1467 5744 epist.
1482 5675 1546 5730 259.

1133 5751 1190 5825 ill)
1212 5747 1278 5805 tide
1290 5763 1371 5819 supra
1391 5747 1472 5816 epist.
1482 5747 1510 5799 ἑ.
